2646 4176
422 275 539 328 ovm’s
560 277 881 331 METAMORPHOSES.

382 573 525 617 PBRSBUS
548 575 692 618 RESGUES
716 578 924 622 sunnonem.

587 752 616 793 v.
642 734 716 796 662.

181 848 345 912 Clauserat
361 849 562 934 Hippotades
577 865 697 917 aeterno
712 874 837 918 carcere
853 864 977 934 ventos,

137 951 391 1036 Admonitorque
408 974 540 1039 operum
555 958 637 1021 coelo
653 959 845 1024 clarissimus
859 959 924 1023 alto

136 1057 268 1121 Lucifer
282 1069 370 1122 ortus
385 1072 460 1123 eret.
509 1061 628 1126 Pennis
643 1064 721 1146 ligat
738 1064 792 1128 ille
808 1065 981 1148 resumptis

135 1161 228 1225 Parte
245 1163 285 1224 ab
301 1163 435 1244 utrique
452 1165 559 1248 pedes,
577 1167 704 1250 teloque
720 1170 899 1252 accingitur
913 1190 1009 1250 unco,

136 1267 180 1330 Et
195 1267 355 1348 liquidum
370 1271 467 1334 motis
483 1272 634 1337 talaribus
648 1277 722 1337 edre
738 1274 839 1338 findit.

135 1373 296 1437 Gentibus
311 1375 488 1440 innumeris
502 1377 685 1461 circumque
701 1379 847 1464 iustique
862 1381 994 1460 relictis,
1059 1403 1064 1410 “

134 1477 328 1562 AEthiopum
343 1482 478 1565 populos
493 1484 685 1568 Cepheaque
701 1487 858 1569 conspicit
874 1507 958 1550 ervo„

181 1584 249 1647 Illic
267 1586 458 1656 immeritam
474 1602 628 1654 maternae
644 1590 781 1674 pendere
797 1591 918 1674 linguae

136 1688 364 1754 Andromeden
381 1713 489 1776 poenus
504 1693 644 1775 injustus
655 1694 792 1775 jusserat
807 1698 957 1760 Ammon.

136 1792 248 1860 Quam
264 1796 360 1859 simul
376 1797 417 1860 ud
432 1798 528 1862 dures
542 1800 709 1881 religatam
725 1801 855 1864 brachie
870 1811 981 1862 cautes

136 1897 227 1962 Vidit
243 1900 454 1979 Abantiades3
466 1903 521 1979 eit,
539 1904 587 1966 ‘0
602 1921 668 1966 uon
683 1902 784 1986 digna
798 1905 929 1982 cetenis,

135 2002 246 2066 Pande
262 2005 433 2086 requirenti
449 2025 568 2069 nomen
585 2017 738 2086 terraeque
755 1997 920 2092 tuumque,

136 2109 179 2170 Et
196 2129 253 2172 cur
267 2109 375 2171 vincla
391 2112 503 2191 'geres'
550 2110 657 2174 Primi)
672 2111 744 2174 silet
762 2111 826 2190 ille,
845 2130 904 2176 uec
920 2112 1018 2176 audet

135 2214 304 2296 Appellare
319 2213 426 2277 virum
443 2215 542 2297 virgo,
560 2217 773 2298 manibusque
789 2216 951 2280 modestos

135 2319 279 2382 Gelisset
294 2319 415 2400 vultus,
432 2320 458 2382 si
474 2339 541 2385 non
556 2321 688 2404 religate
704 2320 829 2386 luisset.

135 2423 285 2504 Lumina,
301 2423 385 2507 quod
404 2426 518 2509 potuit,
536 2426 687 2509 lacrymis
702 2427 849 2511 implevit
865 2427 993 2491 obortis.

136 2531 263 2613 Saepius
279 2531 421 2610 distanti,
438 2551 497 2596 sua
512 2518 554 2595 ne
569 2532 687 2597 delicta
702 2533 793 2596 feteri

133 2637 229 2700 Nolle
245 2636 414 2716 videretur,
432 2657 551 2701 nomen
567 2651 720 2720 terraeque
737 2659 906 2719 suumque,

136 2742 332 2823 Quantaque
348 2755 500 2807 maternae
514 2741 611 2807 suerit
627 2743 748 2807 fiducia
762 2742 885 2822 formae,

136 2847 281 2926 Indicet3
304 2858 346 2926 et,
362 2845 508 2911 nondum
524 2849 708 2911 memoratis
723 2847 883 2926 omnibns,
901 2846 989 2909 unde

135 2953 294 3030 lnsonuit‚
311 2953 508 3033 veniensque
524 2952 683 3014 immenso
699 2951 808 3014 bellua
823 2962 921 3034 ponto

137 3059 280 3136 Eminet,
297 3067 329 3119 et
345 3056 447 3119 letum
463 3056 524 3118 sub
539 3068 667 3138 pectore
683 3055 824 3138 possidet
838 3075 956 3137 aequor.

135 3163 324 3226 Conclamat
341 3163 449 3242 virgo:
475 3162 599 3243 genitor
614 3159 769 3244 lugubris,
787 3172 900 3224 etune

136 3267 238 3330 Mater
254 3265 353 3346 adest,
370 3267 466 3328 ambo
481 3266 600 3344 miseri,
618 3266 673 3329 sed
688 3265 806 3346 justius
822 3266 885 3329 ille.

135 3373 203 3437 Nec
219 3393 330 3437 secum
346 3372 515 3451 auxilium,
532 3371 590 3435 sed
605 3371 721 3456 dignos
737 3383 878 3456 tempore
894 3372 990 3436 fletus
1070 3415 1073 3422 ,
1101 3369 1177 3436 3³⁰

136 3479 391 3561 Plcngoremque
408 3476 525 3557 ferunt,
542 3479 716 3558 vinctoque
733 3479 768 3542 in
783 3499 913 3562 corpore
929 3475 1116 3540 adherent-

137 3582 222 3648 Orlm
238 3585 283 3647 sic
299 3584 416 3667 hospes
431 3585 496 3647 ait:
523 3584 773 3668 ‘Lacrymamm
788 3584 886 3666 longa
900 3601 1030 3647 manere
1260 3652 1265 3662 ¹

138 3687 369 3774 Temporevos
382 3692 549 3774 poterunt3
564 3690 606 3754 ed
618 3710 712 3774 opem
722 3689 829 3754 brevis
844 3689 924 3752 hore
938 3687 1104 3754 ferendam
1113 3694 1174 3750 est.
