2646 4176
251 537 380 581 omnus
404 537 470 578 ΛΝΒ
495 533 665 580 uranum
688 536 844 579 unstrout>
866 535 908 578 ΤΟ
930 534 1103 578 tumultus.

621 684 650 755 r.
677 693 750 756 562.

169 815 275 879 Nescit
289 813 491 896 Agenorides
505 825 613 878 natam
630 833 826 898 parvumque
842 824 993 896 nepotem

165 920 316 1000 AEquoris
331 939 401 982 esse
417 919 504 982 deos.
551 918 658 982 Luctu
674 919 817 998 serieque
833 919 978 982 laborum

164 1027 277 1089 Victus
294 1037 327 1087 et
344 1025 487 1102 ostentis,
504 1043 575 1104 quae
591 1023 729 1107 plurima
743 1023 877 1102 viderat,
893 1023 962 1086 exit
1138 1023 1205 1088 225

160 1130 322 1195 Conditor
337 1129 415 1191 urbe
431 1127 501 1206 sud,
517 1140 670 1210 tanquam
685 1127 813 1192 fortuna
828 1129 981 1207 locorum,

161 1237 238 1300 Non
254 1254 363 1297 suase
380 1244 534 1316 premeret
548 1255 556 1314 3
579 1234 746 1316 longisque
763 1234 920 1297 erroribus
936 1244 1026 1296 actus

163 1339 313 1422 Contigit
329 1337 475 1420 Illyricos
490 1337 625 1422 profugit
639 1359 715 1402 eum
731 1337 869 1422 conjuge
886 1339 976 1402 fines.

168 1444 305 1524 Jamque
320 1444 411 1507 malis
426 1445 580 1526 annisque
597 1465 719 1526 graves,
736 1444 815 1508 dum
830 1446 930 1527 prima
946 1453 1116 1507 retractant

171 1549 259 1612 Fata
272 1548 387 1627 donus,
404 1561 614 1632 repetuntque
631 1569 706 1613 suos
721 1568 867 1612 sermone
884 1548 1026 1628 labores3
1138 1548 1204 1612 230

174 1655 280 1718 ‘Num
295 1673 374 1718 sacer
390 1654 444 1717 ille
460 1655 532 1718 med
549 1653 699 1734 trajectus
714 1653 845 1736 cuspide
862 1655 1011 1736 serpens,’
1126 1711 1128 1717 ,

167 1758 309 1822 cadmus
322 1761 377 1838 eit,
396 1758 526 1836 ‘fuerat
544 1772 621 1823 tunc
636 1757 712 1823 crlm
730 1758 851 1822 Sidone
867 1757 1027 1842 profectus

166 1863 318 1946 Vipereos
333 1866 430 1947 sparsi
448 1884 501 1947 per
516 1865 663 1944 humum,
680 1881 766 1927 nova
780 1865 913 1945 semina,
929 1864 1064 1930 dentes?

163 1968 278 2036 Quem
294 1969 413 2036 sicum
428 1969 523 2032 desim
541 1979 606 2032 tarn
622 1969 708 2034 certi
722 1970 866 2034 uindicat
882 1971 937 2050 iri,

165 2075 246 2156 lpse,
264 2094 383 2156 precor,
394 2085 529 2157 'serpens
546 2075 579 2138 in
595 2075 725 2157 longam
743 2077 879 2159 porrigar
894 2077 1025 2140 alvum!
1137 2075 1203 2140 235

165 2179 268 2258 Dixit,
285 2191 328 2258 et,
347 2191 381 2242 ut
397 2200 535 2262 serpeus,
553 2181 587 2242 in
602 2179 733 2263 longam
749 2181 890 2245 tenditur
904 2183 1026 2260 alvum,

162 2285 360 2364 Durataeque
376 2285 441 2346 cuti
458 2305 605 2366 squamas
620 2285 795 2349 increscere
811 2285 919 2364 sentit,

162 2390 325 2471 Nigraque
341 2389 485 2452 caeruleis
500 2390 613 2452 variari
628 2410 759 2473 corpora
774 2391 884 2472 guttiS,

164 2496 205 2558 In
221 2506 396 2577 pectusque
413 2494 498 2557 cadit
514 2515 641 2578 pronus,
658 2495 891 2574 commissaque
908 2495 941 2556 in
957 2495 1060 2558 un'um

164 2599 327 2662 Paulatim
343 2601 434 2661 tereti
451 2611 623 2663 tenuantur
638 2599 788 2661 acumine
804 2618 902 2661 crura.
1137 2597 1203 2662 240

165 2704 304 2767 Brachia
315 2703 382 2783 jam
398 2716 537 2768 restant:
563 2723 635 2784 quae
652 2713 780 2782 restant,
799 2703 927 2766 brachia
943 2703 1055 2782 tendit,

165 2809 221 2886 Et,
238 2809 388 2891 lacrymis
404 2829 457 2892 per
473 2811 579 2872 adhuc
595 2811 740 2872 humana
754 2808 930 2872 fluentibus
945 2829 1008 2890 ora,

166 2914 324 2993 ‘Accede,
342 2935 361 2976 o
376 2913 505 2994 conjux,
522 2915 649 2993 accede,
666 2913 864 2994 miserrima,'
880 2915 973 2995 dixit,

165 3019 338 3100 ‘Dumque
353 3019 474 3101 aliquid
489 3030 630 3102 superest
646 3019 686 3082 de
702 3039 765 3099 me,
781 3039 834 3082 me
852 3032 958 3102 tange,
974 3041 1170 3102 manumque

162 3124 296 3204 Accipe,
312 3123 391 3186 dum
407 3143 521 3187 marrus
536 3135 594 3204 est,
612 3125 771 3186 dumnon
788 3137 892 3188 toturn
915 3139 1050 3208 occupat
1065 3127 1203 3208 anguis)

164 3227 226 3290 Ille
243 3228 373 3310 quidem
389 3229 459 3292 vult
476 3229 566 3311 plura
581 3229 679 3310 loqui,
697 3229 754 3294 sed
769 3229 882 3312 lingua
895 3232 1025 3314 repente
1137 3230 1203 3296 246

163 3335 206 3398 h
221 3345 326 3416 partes
340 3345 389 3396 est
406 3333 481 3396 fissa
495 3334 574 3397 duas
587 3357 595 3416 ;
619 3355 679 3397 nee
696 3337 794 3397 verba
810 3335 931 3398 volenti

165 3439 362 3518 Sufficiunt3
386 3441 574 3520 quotiesque
590 3441 714 3521 aliquos
729 3451 816 3522 perat
831 3440 924 3504 edere
941 3451 1082 3528 questus,

165 3544 302 3608 Sibilat:
327 3545 410 3608 hanc
427 3545 475 3608 illi
490 3566 603 3608 vocem
620 3545 741 3608 Natura
756 3544 915 3626 relinquit.
