2636 4178
606 269 707 352 noos
727 271 790 324 x11.

541 587 654 630 nrum
678 587 718 630 01·
743 588 875 631 GYGNUS.

193 746 325 810 Fecerat
341 744 413 807 haec
429 754 543 807 notum
559 743 672 807 Graias
687 763 761 807 cum
779 745 880 807 milite
897 743 970 808 forti

193 851 373 916 Adventare
389 860 481 927 rates,
499 867 603 929 neque
619 849 858 932 inexspectatus
875 852 908 914 in
924 851 1022 914 armis

193 957 305 1020 Hostis
320 955 420 1017 adest.
468 953 645 1017 Prohibent
660 954 777 1035 aditus,
794 955 933 1036 litusque
949 967 1081 1019 tuentur

192 1063 305 1140 Troes,
322 1071 355 1122 et
371 1060 533 1123 Hectorei
548 1061 670 1142 primus
683 1058 823 1124 fataliter
839 1061 939 1141 hasti,

188 1165 377 1245 Protesilad,
393 1164 502 1244 cadis3
526 1167 759 1247 commissaque
776 1166 887 1250 proelia
902 1185 1021 1249 magno
1185 1163 1229 1228 30

191 1273 286 1335 Stant
303 1269 434 1352 Danais,
451 1268 604 1351 fortisque
620 1272 736 1335 animae
753 1291 833 1336 nece
847 1273 997 1354 cognitus
1013 1273 1146 1335 Hector.

190 1377 259 1440 Nec
275 1377 423 1458 Phryges
438 1375 568 1458 exiguo,
585 1375 664 1456 quid
678 1377 824 1440 Achaica
839 1377 970 1440 dextera
985 1387 1101 1458 posset,

198 1481 359 1562 Sanguine
375 1492 553 1544 sensemnt.
602 1482 646 1545 Et
658 1479 726 1561 jam
744 1482 842 1564 Sigea
856 1483 1012 1545 rubebant

199 1585 325 1666 Litora3
344 1585 411 1666 jam
426 1585 492 1650 leto
508 1586 612 1669 pmles
626 1586 799 1668 Neptunia,
817 1587 964 1668 Cygnus,

200 1691 287 1756 Mille
301 1693 383 1755 viros
398 1691 547 1771 dederat3
568 1689 637 1772 jam
652 1711 745 1754 curru
761 1692 864 1754 stabat
880 1691 1033 1771 Achilles,
1187 1689 1230 1753 35

199 1797 344 1879 Totaque
361 1797 498 1860 Peliacae
515 1798 675 1860 sternebat
692 1796 834 1880 cuspidis
850 1797 916 1860 ictu

193 1905 345 1986 Agmina,
362 1924 478 1986 perque
494 1904 580 1966 acies
594 1914 650 1966 aut
666 1905 817 1986 Cygnum
835 1915 890 1966 aut
908 1903 1048 1965 Hectora
1063 1921 1209 1983 quaerens

193 2009 408 2092 Congreditur
424 2011 560 2091 Cygno;
585 2009 746 2072 decimum
764 2010 881 2073 dilatus
898 2010 930 2072 in
947 2028 1076 2071 annum-

194 2117 317 2180 Hector
332 2125 407 2177 erat.
456 2115 546 2177 Turn
562 2115 645 2178 colla
656 2113 737 2198 jugo
753 2117 902 2179 canentia
918 2134 1039 2196 pressos

194 2222 394 2284 Exhortatus
409 2239 518 2300 equos,
535 2241 663 2284 currum
679 2221 795 2284 direxit
812 2223 846 2284 in
862 2222 998 2299 hostem,
1189 2216 1232 2281 tu

192 2327 453 2406 concutiensque
469 2326 536 2388 suis
552 2325 710 2389 vibrantia
726 2327 790 2388 tela
804 2325 930 2410 iacentis
1000 2344 1010 2364 ‘-

195 2432 374 2510 ‘Quisquis
389 2451 432 2509 es,
450 2428 635 2510 ojuvenis,’
652 2431 744 2509 dixit,
763 2430 925 2493 ‘solamen
943 2430 1083 2507 habeto,’

194 2538 316 2614 Mortis,
333 2537 373 2598 ab
390 2536 566 2600 Haemonio
582 2534 668 2615 qubd
684 2537 727 2596 sis
739 2533 907 2622 jugulatus
922 2533 1073 2596 Achille)

194 2644 362 2706 Hactenus
377 2641 538 2719 AEacides‚
556 2659 670 2703 vocem
687 2639 792 2720 gravis
808 2640 900 2701 hasta
915 2650 1026 2712 secuta
1041 2647 1099 2700 est.

195 2747 262 2810 Sed
278 2767 471 2828 quamquam
487 2745 573 2810 certi
588 2744 697 2808 nullus
713 2743 774 2807 fuit
790 2764 873 2806 error
889 2728 922 2806 in
939 2743 1039 2821 hasti,
1190 2743 1233 2806 te

194 2853 247 2916 Nil
265 2865 373 2916 tamen
388 2851 498 2916 emissi
514 2849 648 2933 profecit
663 2850 812 2912 acumine
829 2848 922 2912 ferri:

196 2960 303 3038 thue
320 2959 429 3022 hebeti
445 2966 557 3040 pectus
573 2956 799 3019 tantummodo
815 2955 962 3020 contudit
979 2955 1047 3019 ictu
1056 2974 1066 3036 3

197 3064 296 3126 ‘Nate
313 3063 393 3141 Det,
405 3075 484 3124 ‘nam
500 3071 532 3124 te
548 3059 635 3125 samri
650 3061 888 3143 praenovimns,’
906 3061 1010 3144 inquit

195 3168 264 3247 llle,
284 3167 380 3248 ‘quid
396 3188 415 3229 a
431 3167 525 3230 nobis
540 3166 660 3230 uulnus
677 3167 798 3228 miraris
813 3167 925 3229 abesse
939 3167 971 3227 ?'

194 3274 371 3338 Mirabatur
387 3273 484 3336 enim.
534 3272 623 3334 ‘Non
642 3272 722 3351 haec,
740 3291 836 3352 quam
852 3272 965 3349 cernis,
983 3269 1108 3350 equinis
1191 3271 1234 3334 50

193 3380 302 3442 Fulva
312 3377 401 3458 jubis
415 3377 523 3455 cassis,
541 3397 601 3442 nec
618 3397 709 3454 onus,
726 3397 805 3440 cava
822 3397 939 3459 parma,
956 3375 1092 3442 sinistre

192 3484 328 3548 Auxilio
345 3485 425 3546 mihi
442 3495 537 3563 sunt3
559 3482 656 3546 decor
671 3493 720 3546 est
736 3483 890 3562 quesitus
905 3483 945 3544 ab
962 3481 1039 3544 istis.

153 3655 157 3666 ,
193 3589 280 3652 Mars
296 3588 422 3670 quique
438 3589 480 3651 ob
496 3590 557 3651 hoc
573 3607 684 3670 capere
697 3607 786 3649 arma
797 3587 896 3651 solet:
913 3586 1128 3650 removebitur
1136 3602 1236 3660 omne

195 3694 371 3776 'regminis
387 3693 550 3773 officium;
576 3705 687 3756 tamen
702 3693 907 3756 indestrictus
922 3693 1027 3756 abibo.

512 3797 550 3860 ll
564 3799 585 3840 *
