2646 4176
561 339 684 392 noos
704 341 727 392 1.
1134 311 1179 376 23

143 501 267 564 Hostes
280 515 417 580 querque
433 501 518 559 suos.
565 498 666 584 Amor
680 505 732 558 est
744 493 827 558 mihi
841 511 938 558 causa
952 488 1118 573 sequendi.

92 617 94 622 ’
143 605 200 668 Me
215 605 385 667 miserum!
408 621 450 665 ne
466 621 565 684 prona
578 601 684 680 cedas,
701 599 876 682 indignave
891 597 966 660 lardi

146 711 244 774 Crura
257 718 371 772 notent
387 717 505 787 sentes,
521 717 554 770 et
569 706 632 770 sim
647 705 707 768 tibi
722 723 821 768 causa
835 703 963 766 doloris.

143 815 271 897 Aspera,
288 815 353 894 qui
368 831 525 895 properas,
541 811 613 873 looa
626 820 722 873 sunt:
746 807 949 887 moderetiira,
966 825 1031 886 oro,
1114 801 1179 869 tot

142 921 249 998 Curre,
266 916 443 1000 fugamque
459 917 591 996 inhibe:
614 913 807 978 moderatius
822 913 971 994 insequar
984 913 1062 995 lpse.

138 1023 202 1087 Oui
217 1022 358 1103 placeas,
375 1017 499 1102 inquire
515 1030 633 1083 tamen.
680 1020 754 1084 Nou
769 1019 876 1082 incola
890 1017 1019 1098 montis,

136 1129 213 1192 Non
229 1145 294 1209 ego
308 1145 381 1190 auu
396 1135 510 1210 pastor,
526 1143 593 1188 non
608 1123 664 1190 hic
679 1133 824 1188 armenta
838 1141 992 1206 gregesve

138 1232 302 1296 Horridus
317 1232 461 1294 observo.
507 1227 629 1310 Nescis,
646 1231 824 1309 temeraria,
840 1229 972 1318 nescis,

141 1339 255 1404 Quem
270 1335 536 1418 fugaqfideoquo
552 1333 649 1416 iugis.
696 1334 781 1398 Mihi
796 1333 955 1416 Delphica
969 1333 1066 1397 tellus
1114 1331 1180 1397 tto

146 1441 192 1503 Et
207 1441 315 1504 Claros
330 1451 362 1503 et
378 1439 752 1530 TenedosuPateraeaque
766 1440 855 1520 regia
870 1440 1001 1518 servit?

150 1545 276 1624 Jupiter
288 1555 332 1607 est
342 1544 491 1629 genitor,
529 1545 591 1606 Per
605 1557 669 1623 mc,
686 1541 773 1624 quod
788 1544 923 1623 eritque,
939 1541 1076 1622 fuitque,

151 1649 285 1728 Estque,
299 1659 400 1731 patet:
426 1669 481 1732 per
495 1661 549 1716 me'
563 1647 760 1711 concordant
774 1630 917 1710 carmina
932 1647 1048 1709 nervis.

144 1755 241 1816 Certa
255 1753 384 1835 quidem
398 1749 507 1818 nostre
520 1765 579 1834 est,
595 1752 704 1816 nostri
719 1762 828 1816 tamen
843 1771 909 1815 uua
924 1752 1041 1836 sagitta
1113 1833 1127 1849 .

138 1859 276 1938 Certior,
293 1859 328 1922 in
341 1877 447 1922 vacuo
462 1841 535 1940 quae
549 1858 687 1926 vulnera
698 1867 827 1941 pectore
843 1856 931 1921 fecit.
1116 1857 1181 1924 475

141 1965 316 2027 Inventum
332 1963 494 2026 medicina
508 1974 692 2043 meumest,
709 1947 873 2046 opiferque
888 1983 944 2046 per
959 1965 1069 2028 orbem

141 2069 257 2148 Dicor,¹
267 2078 299 2132 et
316 2069 485 2132 herbarum
500 2066 645 2147 subjecta
659 2068 804 2151 potentia
817 2069 920 2132 nobis.

140 2173 206 2236 uer
222 2173 316 2252 mni,
332 2171 419 2252 queo
435 2169 533 2254 nona
548 2157 637 2236 anor
650 2184 700 2236 esc
715 2175 866 2242 marnis
884 2174 1002 2254 herois,

136 2278 208 2341 Nee
225 2287 359 2360 prosunt
375 2278 517 2358 domino,
534 2297 606 2358 quae
622 2289 755 2360 prosunt
771 2279 930 2360 omnibus,
947 2289 1030 2343 artes
1041 2281 1069 2341 l’

139 2383 237 2445 Plura
252 2382 436 2444 locuturum
451 2383 565 2447 timido
581 2383 704 2446 Peneia
718 2403 815 2446 cursu
1044 2411 1047 2416 ·
1117 2383 1182 2448 1180

143 2487 243 2568 Fugit
259 2471 399 2567 cumque
416 2487 485 2570 ipso
500 2488 598 2551 verba
613 2486 800 2570 imperfecta
814 2487 951 2567 reliquit.

185 2593 231 2655 Ut
245 2592 336 2654 canis
351 2593 386 2654 in
401 2611 504 2654 vacuo
517 2592 660 2675 leporem
675 2591 752 2654 edm
768 2591 913 2653 Gallicus
928 2611 1004 2653 arvo

141 2695 240 2775 Vidit,
257 2696 359 2759 ethic
375 2697 515 2778 praedam
530 2697 666 2780 pedibus
683 2696 773 2778 petit,
790 2694 843 2758 ille
860 2695 1020 2776 salutem3

139 2801 233 2864 Alter
248 2801 409 2864 inhaesuro
424 2802 537 2884 similis
549 2785 617 2881 jam
629 2800 761 2882 jamque
777 2809 886 2864 tenere

140 2905 268 2988 Sperat,
285 2917 318 2968 et
333 2917 466 2970 extento
482 2907 611 2989 stringit
627 2907 764 2988 vestigia
779 2918 898 2986 rostro;
1116 2905 1181 2970 485

139 3011 233 3072 Alter
249 3010 284 3073 iu
299 3010 454 3094 ambiguo
469 3021 528 3091 est,
545 3031 587 3074 an
604 3013 645 3075 sit
660 3031 878 3096 comprensus,
893 3021 927 3074 et
943 3011 1020 3095 ipsis

138 3115 303 3178 Morsibus
318 3115 459 3197 eripitur,
477 3117 703 3198 tangentiaque
721 3137 775 3179 ora
789 3117 939 3196 relinquit
952 3135 961 3196 3

140 3219 198 3283 Sic
215 3219 343 3307 denset
359 3220 452 3303 virgo
466 3232 533 3284 est:
557 3219 611 3283 hic
627 3241 682 3303 spe
698 3221 792 3299 celer,
809 3221 865 3282 illa
879 3220 1002 3284 timore.

138 3324 213 3392 Qui
228 3334 339 3387 tamen
354 3311 544 3405 insequitur,
559 3326 673 3408 pennis
688 3323 818 3406 adjutus
833 3325 961 3388 Amoris

138 3431 240 3492 Ocior
254 3439 313 3508 est,
329 3429 536 3515 requiemque
551 3440 659 3513 negat,
675 3442 830 3513 tergoque
845 3429 972 3512 fugacis
1117 3429 1182 3495 490

137 3533 306 3614 linmiuet,
322 3545 354 3597 et
370 3535 491 3600 crinem
506 3555 651 3617 sparsum
666 3535 846 3598 cervicibus
861 3535 958 3598 afflat.

184 3638 318 3704 Viribus
333 3640 510 3722 absumptis
536 3639 692 3722 expalluit
709 3639 773 3718 illa,
789 3639 926 3720 citaeque

137 3745 238 3810 Victa
252 3743 359 3808 labore
375 3743 473 3826 suge,
490 3756 639 3827 spectans
654 3744 816 3808 Peneidas
831 3743 944 3821 undas,
