<?xml version="1.0" encoding="UTF-8"?>
<!DOCTYPE html PUBLIC "-//W3C//DTD XHTML 1.0 Transitional//EN"
    "http://www.w3.org/TR/xhtml1/DTD/xhtml1-transitional.dtd">
<html xmlns="http://www.w3.org/1999/xhtml" xml:lang="en" lang="en">
 <head>
  <title>
</title>
<meta http-equiv="Content-Type" content="text/html;charset=utf-8" />
  <meta name='ocr-system' content='tesseract 3.04.00' />
  <meta name='ocr-capabilities' content='ocr_page ocr_carea ocr_par ocr_line ocrx_word'/>
</head>
<body>
  <div class='ocr_page' id='page_1' title='image "./selectionsfromm00ovidgoog_0173.png"; bbox 0 0 2636 4178; ppageno 0'>
   <div class='ocr_carea' id='block_1_1' title="bbox 134 234 896 320">
    <p class='ocr_par' dir='ltr' id='par_1_1' title="bbox 134 234 896 320">
     <span class='ocr_line' id='line_1_1' title="bbox 134 234 896 320; baseline 0.016 -20"><span class='ocrx_word' id='word_1_1' title='bbox 134 234 197 303; x_wconf 82' lang='grc'><strong>164</strong></span> <span class='ocrx_word' id='word_1_2' title='bbox 383 265 390 276; x_wconf 92' lang='grc'><em>·</em></span> <span class='ocrx_word' id='word_1_3' title='bbox 431 259 550 310; x_wconf 82' lang='lat' dir='ltr'><strong>omns</strong></span> <span class='ocrx_word' id='word_1_4' title='bbox 572 259 896 320; x_wconf 50' lang='lat' dir='ltr'><strong>uarnnoaanosna,</strong></span> 
     </span>
    </p>
   </div>
   <div class='ocr_carea' id='block_1_2' title="bbox 128 413 1181 3765">
    <p class='ocr_par' dir='ltr' id='par_1_2' title="bbox 130 413 1053 498">
     <span class='ocr_line' id='line_1_2' title="bbox 130 413 1053 498; baseline 0.002 -20"><span class='ocrx_word' id='word_1_5' title='bbox 130 415 215 478; x_wconf 83' lang='lat' dir='ltr'><strong>Cum</strong></span> <span class='ocrx_word' id='word_1_6' title='bbox 230 414 358 478; x_wconf 88' lang='lat' dir='ltr'><strong>Junone</strong></span> <span class='ocrx_word' id='word_1_7' title='bbox 375 414 501 497; x_wconf 83' lang='lat' dir='ltr'><strong>magis?</strong></span> <span class='ocrx_word' id='word_1_8' title='bbox 547 413 640 485; x_wconf 78' lang='lat' dir='ltr'><strong>Quid</strong></span> <span class='ocrx_word' id='word_1_9' title='bbox 656 434 743 478; x_wconf 90' lang='lat' dir='ltr'><strong>nunc</strong></span> <span class='ocrx_word' id='word_1_10' title='bbox 760 418 891 498; x_wconf 86' lang='lat' dir='ltr'><strong>antiqua</strong></span> <span class='ocrx_word' id='word_1_11' title='bbox 904 417 1053 481; x_wconf 86' lang='lat' dir='ltr'><strong>recordor</strong></span> 
     </span>
    </p>

    <p class='ocr_par' dir='ltr' id='par_1_3' title="bbox 129 517 1050 606">
     <span class='ocr_line' id='line_1_3' title="bbox 129 517 1050 606; baseline 0.007 -24"><span class='ocrx_word' id='word_1_12' title='bbox 129 517 258 584; x_wconf 88' lang='lat' dir='ltr'><strong>Damna</strong></span> <span class='ocrx_word' id='word_1_13' title='bbox 273 520 338 584; x_wconf 92' lang='lat' dir='ltr'><strong>mei</strong></span> <span class='ocrx_word' id='word_1_14' title='bbox 353 520 502 602; x_wconf 81' lang='lat' dir='ltr'><strong>generis?</strong></span> <span class='ocrx_word' id='word_1_15' title='bbox 526 521 621 583; x_wconf 90' lang='lat' dir='ltr'><strong>timor</strong></span> <span class='ocrx_word' id='word_1_16' title='bbox 637 521 691 584; x_wconf 91' lang='lat' dir='ltr'><strong>hic</strong></span> <span class='ocrx_word' id='word_1_17' title='bbox 709 523 893 586; x_wconf 85' lang='lat' dir='ltr'><strong>meminisse</strong></span> <span class='ocrx_word' id='word_1_18' title='bbox 910 524 1050 606; x_wconf 84' lang='lat' dir='ltr'><strong>priorum</strong></span> 
     </span>
    </p>

    <p class='ocr_par' dir='ltr' id='par_1_4' title="bbox 128 611 995 710">
     <span class='ocr_line' id='line_1_4' title="bbox 128 625 995 710; baseline 0 -20"><span class='ocrx_word' id='word_1_19' title='bbox 128 625 202 690; x_wconf 89' lang='lat' dir='ltr'><strong>Non</strong></span> <span class='ocrx_word' id='word_1_20' title='bbox 219 625 317 688; x_wconf 90' lang='lat' dir='ltr'><strong>sinit:</strong></span> <span class='ocrx_word' id='word_1_21' title='bbox 341 625 373 687; x_wconf 93' lang='lat' dir='ltr'><strong>in</strong></span> <span class='ocrx_word' id='word_1_22' title='bbox 391 647 443 688; x_wconf 88' lang='lat' dir='ltr'><strong>me</strong></span> <span class='ocrx_word' id='word_1_23' title='bbox 459 626 532 688; x_wconf 86' lang='lat' dir='ltr'><strong>acui</strong></span> <span class='ocrx_word' id='word_1_24' title='bbox 548 625 718 689; x_wconf 89' lang='lat' dir='ltr'><strong>sceleratos</strong></span> <span class='ocrx_word' id='word_1_25' title='bbox 735 628 865 690; x_wconf 85' lang='lat' dir='ltr'>cernitis</span> <span class='ocrx_word' id='word_1_26' title='bbox 880 647 995 710; x_wconf 79' lang='lat' dir='ltr'><strong>enses3</strong></span> 
     </span>
    </p>

    <p class='ocr_par' dir='ltr' id='par_1_5' title="bbox 130 728 1176 815">
     <span class='ocr_line' id='line_1_5' title="bbox 130 728 1176 815; baseline 0.002 -18"><span class='ocrx_word' id='word_1_27' title='bbox 130 728 226 797; x_wconf 77' lang='lat' dir='ltr'><strong>Quos</strong></span> <span class='ocrx_word' id='word_1_28' title='bbox 242 731 419 813; x_wconf 88' lang='lat' dir='ltr'><strong>prohibete,</strong></span> <span class='ocrx_word' id='word_1_29' title='bbox 437 751 556 814; x_wconf 86' lang='lat' dir='ltr'><strong>precor,</strong></span> <span class='ocrx_word' id='word_1_30' title='bbox 573 730 762 812; x_wconf 80' lang='lat' dir='ltr'><strong>facinusque</strong></span> <span class='ocrx_word' id='word_1_31' title='bbox 779 733 934 815; x_wconf 80' lang='lat' dir='ltr'><strong>repellite,</strong></span> <span class='ocrx_word' id='word_1_32' title='bbox 951 753 1035 798; x_wconf 84' lang='lat' dir='ltr'><strong>neve</strong></span> <span class='ocrx_word' id='word_1_33' title='bbox 1108 733 1176 799; x_wconf 80' lang='lat'><strong>230</strong></span> 
     </span>
    </p>

    <p class='ocr_par' dir='ltr' id='par_1_6' title="bbox 130 836 940 1024">
     <span class='ocr_line' id='line_1_6' title="bbox 130 836 940 919; baseline 0.005 -21"><span class='ocrx_word' id='word_1_34' title='bbox 130 836 229 899; x_wconf 81' lang='lat' dir='ltr'><strong>Gaedc</strong></span> <span class='ocrx_word' id='word_1_35' title='bbox 245 836 419 900; x_wconf 85' lang='lat' dir='ltr'><strong>sacerdotis</strong></span> <span class='ocrx_word' id='word_1_36' title='bbox 434 837 581 900; x_wconf 86' lang='lat' dir='ltr'><strong>flammas</strong></span> <span class='ocrx_word' id='word_1_37' title='bbox 596 837 794 919; x_wconf 84' lang='lat' dir='ltr'><strong>exstinguite</strong></span> <span class='ocrx_word' id='word_1_38' title='bbox 812 839 940 902; x_wconf 62' lang='lat' dir='ltr'><strong>Vesta!</strong></span> 
     </span>
     <span class='ocr_line' id='line_1_7' title="bbox 176 940 927 1024; baseline 0.004 -20"><span class='ocrx_word' id='word_1_39' title='bbox 176 940 273 1004; x_wconf 77' lang='lat' dir='ltr'><strong>&#39;l&#39;alia</strong></span> <span class='ocrx_word' id='word_1_40' title='bbox 289 943 505 1024; x_wconf 85' lang='lat' dir='ltr'><strong>nequicquam</strong></span> <span class='ocrx_word' id='word_1_41' title='bbox 521 953 589 1006; x_wconf 92' lang='lat' dir='ltr'><strong>toto</strong></span> <span class='ocrx_word' id='word_1_42' title='bbox 606 941 717 1005; x_wconf 85' lang='lat' dir='ltr'><strong>Venus</strong></span> <span class='ocrx_word' id='word_1_43' title='bbox 732 944 831 1006; x_wconf 85' lang='lat' dir='ltr'><strong>anxia</strong></span> <span class='ocrx_word' id='word_1_44' title='bbox 844 943 927 1007; x_wconf 85' lang='lat' dir='ltr'><strong>coelo</strong></span> 
     </span>
    </p>

    <p class='ocr_par' dir='ltr' id='par_1_7' title="bbox 130 1045 1142 1132">
     <span class='ocr_line' id='line_1_8' title="bbox 130 1045 1142 1132; baseline 0.004 -22"><span class='ocrx_word' id='word_1_45' title='bbox 130 1045 236 1110; x_wconf 86' lang='lat' dir='ltr'><strong>Verba</strong></span> <span class='ocrx_word' id='word_1_46' title='bbox 247 1045 336 1127; x_wconf 87' lang='lat' dir='ltr'><strong>jacit,</strong></span> <span class='ocrx_word' id='word_1_47' title='bbox 353 1067 547 1130; x_wconf 88' lang='lat' dir='ltr'><strong>superosque</strong></span> <span class='ocrx_word' id='word_1_48' title='bbox 564 1058 695 1127; x_wconf 87' lang='lat' dir='ltr'><strong>movet;</strong></span> <span class='ocrx_word' id='word_1_49' title='bbox 719 1049 775 1130; x_wconf 88' lang='lat' dir='ltr'><strong>qui</strong></span> <span class='ocrx_word' id='word_1_50' title='bbox 790 1068 938 1132; x_wconf 82' lang='lat' dir='ltr'><strong>rumpere</strong></span> <span class='ocrx_word' id='word_1_51' title='bbox 958 1069 1142 1132; x_wconf 90' lang='lat' dir='ltr'><strong>quanquam</strong></span> 
     </span>
    </p>

    <p class='ocr_par' dir='ltr' id='par_1_8' title="bbox 131 1151 959 1236">
     <span class='ocr_line' id='line_1_9' title="bbox 131 1151 959 1236; baseline 0.004 -22"><span class='ocrx_word' id='word_1_52' title='bbox 131 1151 250 1215; x_wconf 83' lang='lat' dir='ltr'><strong>Ferrea</strong></span> <span class='ocrx_word' id='word_1_53' title='bbox 265 1171 331 1216; x_wconf 92' lang='lat' dir='ltr'><strong>non</strong></span> <span class='ocrx_word' id='word_1_54' title='bbox 348 1163 480 1236; x_wconf 88' lang='lat' dir='ltr'><strong>possunt</strong></span> <span class='ocrx_word' id='word_1_55' title='bbox 497 1162 642 1217; x_wconf 86' lang='lat' dir='ltr'><strong>veterum</strong></span> <span class='ocrx_word' id='word_1_56' title='bbox 658 1152 788 1217; x_wconf 87' lang='lat' dir='ltr'><strong>decreta</strong></span> <span class='ocrx_word' id='word_1_57' title='bbox 803 1173 959 1235; x_wconf 90' lang='lat' dir='ltr'><strong>sororum,</strong></span> 
     </span>
    </p>

    <p class='ocr_par' dir='ltr' id='par_1_9' title="bbox 132 1255 1177 1446">
     <span class='ocr_line' id='line_1_10' title="bbox 132 1255 1177 1347; baseline 0.005 -29"><span class='ocrx_word' id='word_1_58' title='bbox 132 1255 235 1339; x_wconf 82' lang='lat' dir='ltr'><strong>Signa</strong></span> <span class='ocrx_word' id='word_1_59' title='bbox 250 1269 359 1320; x_wconf 87' lang='lat' dir='ltr'><strong>tamen</strong></span> <span class='ocrx_word' id='word_1_60' title='bbox 375 1257 480 1321; x_wconf 79' lang='lat' dir='ltr'><strong>luctirs</strong></span> <span class='ocrx_word' id='word_1_61' title='bbox 496 1258 575 1320; x_wconf 89' lang='lat' dir='ltr'><strong>dant</strong></span> <span class='ocrx_word' id='word_1_62' title='bbox 586 1258 678 1347; x_wconf 13' lang='lat' dir='ltr'><strong>*hand</strong></span> <span class='ocrx_word' id='word_1_63' title='bbox 694 1259 817 1322; x_wconf 88' lang='lat' dir='ltr'><strong>incerta</strong></span> <span class='ocrx_word' id='word_1_64' title='bbox 830 1257 941 1323; x_wconf 83' lang='lat' dir='ltr'><strong>futuri.</strong></span> <span class='ocrx_word' id='word_1_65' title='bbox 989 1291 992 1297; x_wconf 87' lang='lat'>·</span> <span class='ocrx_word' id='word_1_66' title='bbox 1110 1259 1177 1324; x_wconf 75' lang='lat'><strong>235</strong></span> 
     </span>
     <span class='ocr_line' id='line_1_11' title="bbox 176 1361 945 1446; baseline 0.005 -22"><span class='ocrx_word' id='word_1_67' title='bbox 176 1364 275 1427; x_wconf 85' lang='lat' dir='ltr'><strong>Arma</strong></span> <span class='ocrx_word' id='word_1_68' title='bbox 291 1361 398 1426; x_wconf 82' lang='lat' dir='ltr'><strong>ienrnt</strong></span> <span class='ocrx_word' id='word_1_69' title='bbox 415 1363 497 1446; x_wconf 84' lang='lat' dir='ltr'><strong>inter</strong></span> <span class='ocrx_word' id='word_1_70' title='bbox 513 1365 620 1444; x_wconf 89' lang='lat' dir='ltr'><strong>nigras</strong></span> <span class='ocrx_word' id='word_1_71' title='bbox 635 1364 826 1446; x_wconf 86' lang='lat' dir='ltr'><strong>crepitantia</strong></span> <span class='ocrx_word' id='word_1_72' title='bbox 840 1365 945 1428; x_wconf 91' lang='lat' dir='ltr'><strong>nubes</strong></span> 
     </span>
    </p>

    <p class='ocr_par' dir='ltr' id='par_1_10' title="bbox 132 1466 907 1549">
     <span class='ocr_line' id='line_1_12' title="bbox 132 1466 907 1549; baseline 0 -17"><span class='ocrx_word' id='word_1_73' title='bbox 132 1466 373 1548; x_wconf 75' lang='lat' dir='ltr'><strong>Terribilesque</strong></span> <span class='ocrx_word' id='word_1_74' title='bbox 390 1469 483 1532; x_wconf 90' lang='lat' dir='ltr'><strong>tubas</strong></span> <span class='ocrx_word' id='word_1_75' title='bbox 498 1469 671 1549; x_wconf 89' lang='lat' dir='ltr'><strong>auditaque</strong></span> <span class='ocrx_word' id='word_1_76' title='bbox 687 1489 809 1532; x_wconf 91' lang='lat' dir='ltr'><strong>cornua</strong></span> <span class='ocrx_word' id='word_1_77' title='bbox 824 1469 907 1533; x_wconf 88' lang='lat' dir='ltr'><strong>coelo</strong></span> 
     </span>
    </p>

    <p class='ocr_par' dir='ltr' id='par_1_11' title="bbox 133 1572 981 1660">
     <span class='ocr_line' id='line_1_13' title="bbox 133 1572 981 1660; baseline 0.002 -23"><span class='ocrx_word' id='word_1_78' title='bbox 133 1573 368 1637; x_wconf 85' lang='lat' dir='ltr'><strong>Praemonuisse</strong></span> <span class='ocrx_word' id='word_1_79' title='bbox 386 1572 475 1637; x_wconf 85' lang='lat' dir='ltr'><strong>nefas</strong></span> <span class='ocrx_word' id='word_1_80' title='bbox 489 1596 496 1654; x_wconf 91' lang='lat'>;</span> <span class='ocrx_word' id='word_1_81' title='bbox 520 1574 597 1636; x_wconf 90' lang='lat' dir='ltr'><strong>solis</strong></span> <span class='ocrx_word' id='word_1_82' title='bbox 612 1574 741 1656; x_wconf 66' lang='lat' dir='ltr'><strong>quisque</strong></span> <span class='ocrx_word' id='word_1_83' title='bbox 758 1575 856 1638; x_wconf 85' lang='lat' dir='ltr'><strong>tristis</strong></span> <span class='ocrx_word' id='word_1_84' title='bbox 873 1577 981 1660; x_wconf 85' lang='lat' dir='ltr'><strong>imago</strong></span> 
     </span>
    </p>

    <p class='ocr_par' dir='ltr' id='par_1_12' title="bbox 132 1664 879 1762">
     <span class='ocr_line' id='line_1_14' title="bbox 132 1664 879 1762; baseline 0.001 -20"><span class='ocrx_word' id='word_1_85' title='bbox 132 1678 253 1742; x_wconf 89' lang='lat' dir='ltr'><strong>Lurida</strong></span> <span class='ocrx_word' id='word_1_86' title='bbox 268 1679 415 1742; x_wconf 79' lang='lat' dir='ltr'><strong>sollicitis</strong></span> <span class='ocrx_word' id='word_1_87' title='bbox 431 1664 592 1762; x_wconf 83' lang='lat' dir='ltr'><strong>praebebat</strong></span> <span class='ocrx_word' id='word_1_88' title='bbox 603 1680 733 1742; x_wconf 87' lang='lat' dir='ltr'><strong>lumina</strong></span> <span class='ocrx_word' id='word_1_89' title='bbox 748 1681 847 1744; x_wconf 87' lang='lat' dir='ltr'><strong>terris.</strong></span> <span class='ocrx_word' id='word_1_90' title='bbox 877 1754 879 1758; x_wconf 23' lang='lat'>¹</span> 
     </span>
    </p>

    <p class='ocr_par' dir='ltr' id='par_1_13' title="bbox 133 1782 1176 1866">
     <span class='ocr_line' id='line_1_15' title="bbox 133 1782 1176 1866; baseline 0.003 -19"><span class='ocrx_word' id='word_1_91' title='bbox 133 1785 228 1866; x_wconf 72' lang='lat' dir='ltr'><strong>Saepe</strong></span> <span class='ocrx_word' id='word_1_92' title='bbox 244 1782 332 1847; x_wconf 82' lang='lat' dir='ltr'><strong>faces</strong></span> <span class='ocrx_word' id='word_1_93' title='bbox 348 1785 426 1848; x_wconf 86' lang='lat' dir='ltr'><strong>visae</strong></span> <span class='ocrx_word' id='word_1_94' title='bbox 443 1784 558 1848; x_wconf 89' lang='lat' dir='ltr'><strong>mediis</strong></span> <span class='ocrx_word' id='word_1_95' title='bbox 573 1785 682 1848; x_wconf 90' lang='lat' dir='ltr'><strong>ardere</strong></span> <span class='ocrx_word' id='word_1_96' title='bbox 698 1785 759 1848; x_wconf 90' lang='lat' dir='ltr'><strong>sub</strong></span> <span class='ocrx_word' id='word_1_97' title='bbox 775 1787 877 1865; x_wconf 86' lang='lat' dir='ltr'><strong>astris,</strong></span> <span class='ocrx_word' id='word_1_98' title='bbox 1108 1785 1176 1850; x_wconf 76' lang='lat'><strong>24⁰</strong></span> 
     </span>
    </p>

    <p class='ocr_par' dir='ltr' id='par_1_14' title="bbox 134 1889 928 1971">
     <span class='ocr_line' id='line_1_16' title="bbox 134 1889 928 1971; baseline 0.005 -20"><span class='ocrx_word' id='word_1_99' title='bbox 134 1889 228 1971; x_wconf 83' lang='lat' dir='ltr'><strong>Saepe</strong></span> <span class='ocrx_word' id='word_1_100' title='bbox 245 1889 329 1952; x_wconf 89' lang='lat' dir='ltr'><strong>inter</strong></span> <span class='ocrx_word' id='word_1_101' title='bbox 347 1889 474 1952; x_wconf 88' lang='lat' dir='ltr'><strong>nimbos</strong></span> <span class='ocrx_word' id='word_1_102' title='bbox 489 1901 588 1971; x_wconf 86' lang='lat' dir='ltr'><strong>guttae</strong></span> <span class='ocrx_word' id='word_1_103' title='bbox 606 1890 749 1954; x_wconf 69' lang='lat' dir='ltr'><strong>cecidere</strong></span> <span class='ocrx_word' id='word_1_104' title='bbox 766 1903 928 1971; x_wconf 79' lang='lat' dir='ltr'><strong>cruentae3</strong></span> 
     </span>
    </p>

    <p class='ocr_par' dir='ltr' id='par_1_15' title="bbox 132 1982 875 2076">
     <span class='ocr_line' id='line_1_17' title="bbox 132 1982 875 2076; baseline 0.004 -19"><span class='ocrx_word' id='word_1_105' title='bbox 132 1982 278 2057; x_wconf 80' lang='lat' dir='ltr'><strong>Caerulns</strong></span> <span class='ocrx_word' id='word_1_106' title='bbox 293 2006 325 2056; x_wconf 89' lang='lat' dir='ltr'><strong>et</strong></span> <span class='ocrx_word' id='word_1_107' title='bbox 342 1994 468 2058; x_wconf 89' lang='lat' dir='ltr'><strong>vultum</strong></span> <span class='ocrx_word' id='word_1_108' title='bbox 485 1993 645 2076; x_wconf 84' lang='lat' dir='ltr'><strong>ferrugine</strong></span> <span class='ocrx_word' id='word_1_109' title='bbox 661 1995 792 2060; x_wconf 83' lang='lat' dir='ltr'><strong>Lucifer</strong></span> <span class='ocrx_word' id='word_1_110' title='bbox 807 2009 875 2060; x_wconf 88' lang='lat' dir='ltr'><strong>atra</strong></span> 
     </span>
    </p>

    <p class='ocr_par' dir='ltr' id='par_1_16' title="bbox 134 2099 950 2182">
     <span class='ocr_line' id='line_1_18' title="bbox 134 2099 950 2182; baseline 0.004 -21"><span class='ocrx_word' id='word_1_111' title='bbox 134 2099 270 2181; x_wconf 87' lang='lat' dir='ltr'><strong>Sparsus</strong></span> <span class='ocrx_word' id='word_1_112' title='bbox 285 2110 363 2177; x_wconf 88' lang='lat' dir='ltr'><strong>erat,</strong></span> <span class='ocrx_word' id='word_1_113' title='bbox 381 2099 479 2181; x_wconf 87' lang='lat' dir='ltr'><strong>sparsi</strong></span> <span class='ocrx_word' id='word_1_114' title='bbox 496 2099 641 2164; x_wconf 86' lang='lat' dir='ltr'><strong>Lunares</strong></span> <span class='ocrx_word' id='word_1_115' title='bbox 657 2102 815 2182; x_wconf 85' lang='lat' dir='ltr'><strong>sanguiue</strong></span> <span class='ocrx_word' id='word_1_116' title='bbox 832 2120 950 2165; x_wconf 88' lang='lat' dir='ltr'><strong>currus.</strong></span> 
     </span>
    </p>

    <p class='ocr_par' dir='ltr' id='par_1_17' title="bbox 133 2203 954 2286">
     <span class='ocr_line' id='line_1_19' title="bbox 133 2203 954 2286; baseline 0 -19"><span class='ocrx_word' id='word_1_117' title='bbox 133 2204 256 2267; x_wconf 83' lang='lat' dir='ltr'><strong>Tristia</strong></span> <span class='ocrx_word' id='word_1_118' title='bbox 271 2204 360 2267; x_wconf 90' lang='lat' dir='ltr'><strong>mille</strong></span> <span class='ocrx_word' id='word_1_119' title='bbox 377 2203 456 2267; x_wconf 89' lang='lat' dir='ltr'><strong>locis</strong></span> <span class='ocrx_word' id='word_1_120' title='bbox 473 2204 610 2286; x_wconf 82' lang='lat' dir='ltr'><strong>Stygius</strong></span> <span class='ocrx_word' id='word_1_121' title='bbox 626 2205 714 2267; x_wconf 84' lang='lat' dir='ltr'><strong>dedit</strong></span> <span class='ocrx_word' id='word_1_122' title='bbox 731 2207 843 2270; x_wconf 89' lang='lat' dir='ltr'><strong>omina</strong></span> <span class='ocrx_word' id='word_1_123' title='bbox 857 2207 954 2285; x_wconf 87' lang='lat' dir='ltr'><strong>bubo,</strong></span> 
     </span>
    </p>

    <p class='ocr_par' dir='ltr' id='par_1_18' title="bbox 133 2307 1174 2392">
     <span class='ocr_line' id='line_1_20' title="bbox 133 2307 1174 2392; baseline -0.001 -19"><span class='ocrx_word' id='word_1_124' title='bbox 133 2309 223 2373; x_wconf 88' lang='lat' dir='ltr'><strong>Mille</strong></span> <span class='ocrx_word' id='word_1_125' title='bbox 240 2309 320 2372; x_wconf 89' lang='lat' dir='ltr'><strong>locis</strong></span> <span class='ocrx_word' id='word_1_126' title='bbox 335 2309 526 2392; x_wconf 86' lang='lat' dir='ltr'><strong>lacrymavit</strong></span> <span class='ocrx_word' id='word_1_127' title='bbox 543 2309 633 2389; x_wconf 89' lang='lat' dir='ltr'><strong>ebur,</strong></span> <span class='ocrx_word' id='word_1_128' title='bbox 650 2322 828 2391; x_wconf 90' lang='lat' dir='ltr'><strong>cantusque</strong></span> <span class='ocrx_word' id='word_1_129' title='bbox 844 2311 991 2376; x_wconf 84' lang='lat' dir='ltr'><strong>feruntur</strong></span> <span class='ocrx_word' id='word_1_130' title='bbox 1109 2307 1174 2373; x_wconf 78' lang='grc'><strong>246</strong></span> 
     </span>
    </p>

    <p class='ocr_par' dir='ltr' id='par_1_19' title="bbox 133 2415 820 2480">
     <span class='ocr_line' id='line_1_21' title="bbox 133 2415 820 2480; baseline -0.001 -1"><span class='ocrx_word' id='word_1_131' title='bbox 133 2415 245 2479; x_wconf 83' lang='lat' dir='ltr'><strong>Auditi</strong></span> <span class='ocrx_word' id='word_1_132' title='bbox 262 2415 381 2478; x_wconf 89' lang='lat' dir='ltr'><strong>sanctis</strong></span> <span class='ocrx_word' id='word_1_133' title='bbox 396 2427 429 2478; x_wconf 88' lang='lat' dir='ltr'><strong>et</strong></span> <span class='ocrx_word' id='word_1_134' title='bbox 446 2417 542 2479; x_wconf 89' lang='lat' dir='ltr'><strong>verba</strong></span> <span class='ocrx_word' id='word_1_135' title='bbox 557 2416 715 2480; x_wconf 84' lang='lat' dir='ltr'><strong>minantia</strong></span> <span class='ocrx_word' id='word_1_136' title='bbox 730 2415 820 2480; x_wconf 89' lang='lat' dir='ltr'><strong>lucis.</strong></span> 
     </span>
    </p>

    <p class='ocr_par' dir='ltr' id='par_1_20' title="bbox 134 2520 999 2603">
     <span class='ocr_line' id='line_1_22' title="bbox 134 2520 999 2603; baseline 0.003 -21"><span class='ocrx_word' id='word_1_137' title='bbox 134 2520 274 2584; x_wconf 82' lang='lat' dir='ltr'><strong>Victima</strong></span> <span class='ocrx_word' id='word_1_138' title='bbox 288 2521 378 2585; x_wconf 92' lang='lat' dir='ltr'><strong>nulla</strong></span> <span class='ocrx_word' id='word_1_139' title='bbox 393 2520 472 2600; x_wconf 88' lang='lat' dir='ltr'><strong>litat,</strong></span> <span class='ocrx_word' id='word_1_140' title='bbox 490 2541 688 2603; x_wconf 87' lang='lat' dir='ltr'><strong>magnosque</strong></span> <span class='ocrx_word' id='word_1_141' title='bbox 705 2522 821 2585; x_wconf 91' lang='lat' dir='ltr'><strong>instare</strong></span> <span class='ocrx_word' id='word_1_142' title='bbox 838 2522 999 2586; x_wconf 87' lang='lat' dir='ltr'><strong>tumultus</strong></span> 
     </span>
    </p>

    <p class='ocr_par' dir='ltr' id='par_1_21' title="bbox 134 2626 1015 2709">
     <span class='ocr_line' id='line_1_23' title="bbox 134 2626 1015 2709; baseline -0.002 -19"><span class='ocrx_word' id='word_1_143' title='bbox 134 2627 234 2690; x_wconf 85' lang='lat' dir='ltr'><strong>Fibra</strong></span> <span class='ocrx_word' id='word_1_144' title='bbox 248 2639 369 2706; x_wconf 89' lang='lat' dir='ltr'><strong>monet,</strong></span> <span class='ocrx_word' id='word_1_145' title='bbox 387 2647 573 2707; x_wconf 84' lang='lat' dir='ltr'><strong>caesumquc</strong></span> <span class='ocrx_word' id='word_1_146' title='bbox 589 2639 687 2709; x_wconf 89' lang='lat' dir='ltr'><strong>caput</strong></span> <span class='ocrx_word' id='word_1_147' title='bbox 701 2627 855 2709; x_wconf 86' lang='lat' dir='ltr'><strong>reperitur</strong></span> <span class='ocrx_word' id='word_1_148' title='bbox 871 2628 904 2689; x_wconf 90' lang='lat' dir='ltr'><strong>in</strong></span> <span class='ocrx_word' id='word_1_149' title='bbox 920 2626 1015 2690; x_wconf 88' lang='lat' dir='ltr'><strong>extis.</strong></span> 
     </span>
    </p>

    <p class='ocr_par' dir='ltr' id='par_1_22' title="bbox 133 2731 1000 2815">
     <span class='ocr_line' id='line_1_24' title="bbox 133 2731 1000 2815; baseline 0 -21"><span class='ocrx_word' id='word_1_150' title='bbox 133 2733 236 2814; x_wconf 90' lang='lat' dir='ltr'><strong>Inque</strong></span> <span class='ocrx_word' id='word_1_151' title='bbox 246 2731 332 2812; x_wconf 71' lang='lat' dir='ltr'><strong>foro,</strong></span> <span class='ocrx_word' id='word_1_152' title='bbox 348 2734 534 2812; x_wconf 91' lang='lat' dir='ltr'><strong>circumque</strong></span> <span class='ocrx_word' id='word_1_153' title='bbox 551 2733 665 2795; x_wconf 92' lang='lat' dir='ltr'><strong>domos</strong></span> <span class='ocrx_word' id='word_1_154' title='bbox 682 2746 714 2794; x_wconf 91' lang='lat' dir='ltr'><strong>et</strong></span> <span class='ocrx_word' id='word_1_155' title='bbox 731 2732 852 2815; x_wconf 90' lang='lat' dir='ltr'><strong>templa</strong></span> <span class='ocrx_word' id='word_1_156' title='bbox 866 2731 1000 2794; x_wconf 87' lang='lat' dir='ltr'><strong>deorum</strong></span> 
     </span>
    </p>

    <p class='ocr_par' dir='ltr' id='par_1_23' title="bbox 132 2835 1180 2918">
     <span class='ocr_line' id='line_1_25' title="bbox 132 2835 1180 2918; baseline -0.002 -18"><span class='ocrx_word' id='word_1_157' title='bbox 132 2835 316 2900; x_wconf 81' lang='lat' dir='ltr'><strong>Nocturnas</strong></span> <span class='ocrx_word' id='word_1_158' title='bbox 331 2838 471 2900; x_wconf 71' lang='lat' dir='ltr'><strong>ululasse</strong></span> <span class='ocrx_word' id='word_1_159' title='bbox 487 2857 593 2915; x_wconf 86' lang='lat' dir='ltr'><strong>canes,</strong></span> <span class='ocrx_word' id='word_1_160' title='bbox 611 2837 802 2918; x_wconf 88' lang='lat' dir='ltr'><strong>umbrasque</strong></span> <span class='ocrx_word' id='word_1_161' title='bbox 818 2837 971 2900; x_wconf 79' lang='lat' dir='ltr'><strong>silentdm</strong></span> <span class='ocrx_word' id='word_1_162' title='bbox 1112 2835 1180 2898; x_wconf 75' lang='lat'><strong>250</strong></span> 
     </span>
    </p>

    <p class='ocr_par' dir='ltr' id='par_1_24' title="bbox 135 2941 987 3023">
     <span class='ocr_line' id='line_1_26' title="bbox 135 2941 987 3023; baseline -0.001 -18"><span class='ocrx_word' id='word_1_163' title='bbox 135 2943 300 3006; x_wconf 84' lang='lat' dir='ltr'><strong>Erravisse</strong></span> <span class='ocrx_word' id='word_1_164' title='bbox 317 2941 434 3020; x_wconf 89' lang='lat' dir='ltr'><strong>serunt,</strong></span> <span class='ocrx_word' id='word_1_165' title='bbox 453 2954 637 3023; x_wconf 88' lang='lat' dir='ltr'><strong>motamque</strong></span> <span class='ocrx_word' id='word_1_166' title='bbox 655 2943 848 3007; x_wconf 85' lang='lat' dir='ltr'><strong>tremoribus</strong></span> <span class='ocrx_word' id='word_1_167' title='bbox 864 2942 987 3006; x_wconf 88' lang='lat' dir='ltr'><strong>urbem.</strong></span> 
     </span>
    </p>

    <p class='ocr_par' dir='ltr' id='par_1_25' title="bbox 133 3046 927 3131">
     <span class='ocr_line' id='line_1_27' title="bbox 133 3046 927 3131; baseline -0.004 -18"><span class='ocrx_word' id='word_1_168' title='bbox 133 3048 206 3114; x_wconf 87' lang='lat' dir='ltr'><strong>Non</strong></span> <span class='ocrx_word' id='word_1_169' title='bbox 223 3059 332 3111; x_wconf 86' lang='lat' dir='ltr'><strong>tamen</strong></span> <span class='ocrx_word' id='word_1_170' title='bbox 351 3048 483 3111; x_wconf 88' lang='lat' dir='ltr'><strong>insidias</strong></span> <span class='ocrx_word' id='word_1_171' title='bbox 499 3060 697 3131; x_wconf 88' lang='lat' dir='ltr'><strong>venturaque</strong></span> <span class='ocrx_word' id='word_1_172' title='bbox 714 3048 843 3112; x_wconf 86' lang='lat' dir='ltr'><strong>vincere</strong></span> <span class='ocrx_word' id='word_1_173' title='bbox 859 3046 927 3110; x_wconf 83' lang='lat' dir='ltr'><strong>iata</strong></span> 
     </span>
    </p>

    <p class='ocr_par' dir='ltr' id='par_1_26' title="bbox 133 3152 966 3238">
     <span class='ocr_line' id='line_1_28' title="bbox 133 3152 966 3238; baseline 0 -22"><span class='ocrx_word' id='word_1_174' title='bbox 133 3152 347 3218; x_wconf 85' lang='lat' dir='ltr'><strong>Praemonitus</strong></span> <span class='ocrx_word' id='word_1_175' title='bbox 364 3156 494 3238; x_wconf 69' lang='lat' dir='ltr'><strong>potuere</strong></span> <span class='ocrx_word' id='word_1_176' title='bbox 511 3155 619 3233; x_wconf 82' lang='lat' dir='ltr'><strong>dedm,</strong></span> <span class='ocrx_word' id='word_1_177' title='bbox 636 3155 802 3235; x_wconf 88' lang='lat' dir='ltr'><strong>strictique</strong></span> <span class='ocrx_word' id='word_1_178' title='bbox 818 3152 966 3217; x_wconf 83' lang='lat' dir='ltr'><strong>seruntur</strong></span> 
     </span>
    </p>

    <p class='ocr_par' dir='ltr' id='par_1_27' title="bbox 133 3257 1079 3344">
     <span class='ocr_line' id='line_1_29' title="bbox 133 3257 1079 3344; baseline -0.001 -22"><span class='ocrx_word' id='word_1_179' title='bbox 133 3260 177 3323; x_wconf 90' lang='lat' dir='ltr'><strong>In.</strong></span> <span class='ocrx_word' id='word_1_180' title='bbox 190 3260 347 3343; x_wconf 89' lang='lat' dir='ltr'><strong>templum</strong></span> <span class='ocrx_word' id='word_1_181' title='bbox 363 3261 481 3342; x_wconf 86' lang='lat' dir='ltr'><strong>gladii:</strong></span> <span class='ocrx_word' id='word_1_182' title='bbox 506 3280 610 3344; x_wconf 86' lang='lat' dir='ltr'><strong>neque</strong></span> <span class='ocrx_word' id='word_1_183' title='bbox 626 3259 715 3323; x_wconf 89' lang='lat' dir='ltr'><strong>enim</strong></span> <span class='ocrx_word' id='word_1_184' title='bbox 731 3260 822 3322; x_wconf 91' lang='lat' dir='ltr'><strong>locus</strong></span> <span class='ocrx_word' id='word_1_185' title='bbox 839 3258 924 3324; x_wconf 90' lang='lat' dir='ltr'><strong>ullus</strong></span> <span class='ocrx_word' id='word_1_186' title='bbox 940 3260 974 3322; x_wconf 88' lang='lat' dir='ltr'><strong>in</strong></span> <span class='ocrx_word' id='word_1_187' title='bbox 993 3257 1079 3322; x_wconf 85' lang='lat' dir='ltr'><strong>Urba</strong></span> 
     </span>
    </p>

    <p class='ocr_par' dir='ltr' id='par_1_28' title="bbox 132 3363 1181 3555">
     <span class='ocr_line' id='line_1_30' title="bbox 132 3363 1181 3448; baseline -0.003 -18"><span class='ocrx_word' id='word_1_188' title='bbox 132 3363 184 3430; x_wconf 83' lang='lat' dir='ltr'><strong>Ad</strong></span> <span class='ocrx_word' id='word_1_189' title='bbox 200 3364 329 3429; x_wconf 86' lang='lat' dir='ltr'><strong>facinus</strong></span> <span class='ocrx_word' id='word_1_190' title='bbox 344 3367 509 3446; x_wconf 86' lang='lat' dir='ltr'><strong>diramque</strong></span> <span class='ocrx_word' id='word_1_191' title='bbox 526 3365 630 3448; x_wconf 88' lang='lat' dir='ltr'><strong>placet</strong></span> <span class='ocrx_word' id='word_1_192' title='bbox 646 3365 709 3428; x_wconf 90' lang='lat' dir='ltr'><strong>nisi</strong></span> <span class='ocrx_word' id='word_1_193' title='bbox 726 3365 824 3429; x_wconf 82' lang='lat' dir='ltr'><strong>Curia</strong></span> <span class='ocrx_word' id='word_1_194' title='bbox 838 3363 973 3428; x_wconf 84' lang='lat' dir='ltr'><strong>caedem.</strong></span> <span class='ocrx_word' id='word_1_195' title='bbox 1114 3363 1181 3427; x_wconf 77' lang='lat' dir='ltr'><strong>aot</strong></span> 
     </span>
     <span class='ocr_line' id='line_1_31' title="bbox 179 3469 980 3555; baseline 0.001 -23"><span class='ocrx_word' id='word_1_196' title='bbox 179 3469 271 3534; x_wconf 76' lang='lat' dir='ltr'><strong>&#39;l&#39;um</strong></span> <span class='ocrx_word' id='word_1_197' title='bbox 288 3471 364 3534; x_wconf 87' lang='lat' dir='ltr'><strong>verb</strong></span> <span class='ocrx_word' id='word_1_198' title='bbox 380 3473 544 3552; x_wconf 84' lang='lat' dir='ltr'><strong>Cytherea</strong></span> <span class='ocrx_word' id='word_1_199' title='bbox 559 3491 655 3534; x_wconf 89' lang='lat' dir='ltr'><strong>manu</strong></span> <span class='ocrx_word' id='word_1_200' title='bbox 673 3471 829 3555; x_wconf 87' lang='lat' dir='ltr'><strong>percussit</strong></span> <span class='ocrx_word' id='word_1_201' title='bbox 846 3469 980 3550; x_wconf 72' lang='lat' dir='ltr'><strong>utrique</strong></span> 
     </span>
    </p>

    <p class='ocr_par' dir='ltr' id='par_1_29' title="bbox 134 3575 884 3654">
     <span class='ocr_line' id='line_1_32' title="bbox 134 3575 884 3654; baseline 0.003 -16"><span class='ocrx_word' id='word_1_202' title='bbox 134 3575 262 3651; x_wconf 82' lang='lat' dir='ltr'><strong>Pactus,</strong></span> <span class='ocrx_word' id='word_1_203' title='bbox 279 3586 311 3638; x_wconf 88' lang='lat' dir='ltr'><strong>et</strong></span> <span class='ocrx_word' id='word_1_204' title='bbox 333 3575 466 3638; x_wconf 80' lang='lat' dir='ltr'><strong>aetherirl</strong></span> <span class='ocrx_word' id='word_1_205' title='bbox 485 3577 618 3639; x_wconf 88' lang='lat' dir='ltr'><strong>molitur</strong></span> <span class='ocrx_word' id='word_1_206' title='bbox 632 3575 771 3640; x_wconf 88' lang='lat' dir='ltr'><strong>condere</strong></span> <span class='ocrx_word' id='word_1_207' title='bbox 787 3577 884 3654; x_wconf 87' lang='lat' dir='ltr'><strong>nube,</strong></span> 
     </span>
    </p>

    <p class='ocr_par' dir='ltr' id='par_1_30' title="bbox 133 3679 902 3765">
     <span class='ocr_line' id='line_1_33' title="bbox 133 3679 902 3765; baseline -0.005 -17"><span class='ocrx_word' id='word_1_208' title='bbox 133 3679 213 3748; x_wconf 75' lang='lat' dir='ltr'><strong>Qut</strong></span> <span class='ocrx_word' id='word_1_209' title='bbox 228 3680 313 3761; x_wconf 84' lang='lat' dir='ltr'><strong>priirs</strong></span> <span class='ocrx_word' id='word_1_210' title='bbox 329 3679 444 3742; x_wconf 82' lang='lat' dir='ltr'><strong>infesto</strong></span> <span class='ocrx_word' id='word_1_211' title='bbox 462 3681 549 3744; x_wconf 87' lang='lat' dir='ltr'><strong>Paris</strong></span> <span class='ocrx_word' id='word_1_212' title='bbox 561 3693 609 3744; x_wconf 86' lang='lat' dir='ltr'><strong>est</strong></span> <span class='ocrx_word' id='word_1_213' title='bbox 624 3693 753 3765; x_wconf 83' lang='lat' dir='ltr'><strong>ereptus</strong></span> <span class='ocrx_word' id='word_1_214' title='bbox 770 3681 902 3760; x_wconf 77' lang='lat' dir='ltr'><strong>Atridas,</strong></span> 
     </span>
    </p>
   </div>
   <div class='ocr_carea' id='block_1_3' title="bbox 0 0 1326 4178">
    <p class='ocr_par' dir='ltr' id='par_1_31' title="bbox 0 0 1326 4178">
     <span class='ocr_line' id='line_1_34' title="bbox 0 0 1326 4178; baseline 0 0"><span class='ocrx_word' id='word_1_215' title='bbox 0 0 1326 4178; x_wconf 95' lang='lat' dir='ltr'><strong> </strong></span> 
     </span>
    </p>
   </div>
  </div>
 </body>
</html>
