2636 4178
103 244 167 307 102
399 265 517 316 ovtn’s
538 265 855 318 METAMORPHOSES.

99 421 182 482 Vota
196 419 280 497 Jovi,
297 417 373 482 clun
390 421 493 483 Fama
508 421 626 500 loquax
642 421 800 502 praecessit
816 421 857 484 ad
872 441 973 502 aures,

100 525 260 603 Deianira,
277 535 357 603 tuas,
375 524 462 608 (quae
478 526 562 588 veris
577 525 691 588 addere
708 525 788 588 falsa
1113 527 1135 588 5

100 629 238 708 Gaudet,
255 640 287 691 et
303 650 320 691 e
338 632 473 693 minimo
489 651 546 692 sua
562 651 617 712 per
631 631 798 694 mendacia
813 631 943 717 crescit)

100 735 411 816 Amphitryoniaden
429 735 512 798 Ioles
527 736 636 798 ardore
653 737 764 798 teneri.

100 839 210 902 Credit
227 857 347 917 amans,
366 841 552 920 venerisque
570 859 661 903 novae
678 840 842 922 perterrita
857 838 944 903 samri

102 945 237 1009 Indulsit
253 944 355 1027 primd
371 944 530 1026 lacrymis,
547 945 716 1026 flendoque
733 944 876 1007 dolorem

100 1049 238 1113 Diffudit
254 1049 433 1111 miseranda
448 1069 563 1128 suum;
588 1069 665 1112 mox
680 1049 806 1126 deinde,
825 1049 937 1118 ‘Quid
952 1060 1061 1113 autern
1096 1049 1136 1113 10

101 1153 276 1243 ΡΙειηυειῬ
292 1156 346 1232 ait,
366 1154 489 1246 ‘pellex
505 1154 655 1235 lacrymis
670 1155 830 1218 laetabitur
845 1155 923 1235 istis,

100 1261 186 1328 Quae
203 1260 355 1340 quoniam
371 1258 530 1338 adveniet,
548 1259 789 1342 properandum,
807 1259 991 1341 aliquidque
1015 1279 1137 1323 novan-

276 1363 354 1426 dum
371 1376 428 1427 est.

100 1469 293 1548 Conquerar,
312 1489 354 1531 an
370 1469 505 1531 sileam?
527 1480 667 1552 repetam
684 1469 861 1552 Calydona,
879 1472 1048 1533 morernel

103 1573 268 1636 Excedam
284 1575 400 1637 tectis?
423 1593 474 1652 an,
492 1575 519 1636 si
535 1574 616 1637 nihil
632 1575 780 1656 amplius,
798 1575 923 1639 obstem
934 1577 966 1638 l’

145 1677 295 1742 Incursus
310 1680 437 1742 animus
453 1681 557 1742 varios
573 1680 688 1742 habet:
713 1681 863 1743 omnibus
880 1680 927 1743 illi
1096 1681 1136 1743 15

101 1783 245 1847 Praetulit
261 1785 420 1846 imbutam
436 1785 556 1846 Nesseo
573 1785 729 1865 sanguine
747 1796 870 1849 vestem

101 1890 238 1967 Mittere,
255 1908 328 1968 quae
346 1889 427 1950 vires
442 1887 568 1951 defecto
584 1888 695 1951 reddat
710 1891 810 1952 amori
819 1912 827 1969 3

101 1994 280 2076 Ignaroque
294 1992 415 2069 Lichae,
432 1994 509 2072 quid
526 1993 627 2056 tradat
643 1995 759 2073 nescia,
777 1994 883 2057 luctus

101 2101 175 2181 Ipse
190 2118 264 2161 suos
281 2095 384 2176 tradit,
401 2097 591 2178 blandisque
607 2099 783 2161 miserrima
797 2100 902 2162 verbis

102 2203 197 2266 Dona
211 2204 266 2265 det
282 2203 337 2264 illa
353 2203 430 2279 viro,
447 2203 587 2266 mandat.
635 2205 727 2286 Capit
744 2205 863 2267 inscius
878 2205 981 2284 heros,
1093 2203 1138 2268 20

102 2309 313 2388 Induiturque
330 2309 471 2370 humeris
487 2307 628 2371 Lernaeae
645 2309 732 2371 virus
748 2309 916 2371 Echidnae.

147 2416 238 2478 'I'ura
253 2414 349 2476 dabat
366 2413 523 2495 primiset
539 2414 636 2476 verba
653 2414 812 2496 precantia
826 2413 975 2493 dammis,

102 2520 247 2601 Vinaque
263 2538 456 2582 marmoreas
473 2519 580 2600 paterd
595 2517 752 2581 fundebat
769 2518 802 2580 in
818 2537 908 2582 aras:

102 2626 241 2688 Incaluit
258 2627 307 2688 vis
324 2624 378 2687 illa
393 2624 479 2702 mali,
497 2623 696 2704 resolutaque
713 2624 851 2686 flammis

101 2730 281 2794 Herculeos
297 2729 375 2791 abiit
391 2729 454 2790 late
471 2717 590 2791 diffusa
605 2749 660 2809 per
675 2738 770 2792 artua.

101 2837 190 2899 Dum
206 2836 321 2918 potuit,
338 2833 432 2895 solita
448 2835 605 2913 gemitum
624 2833 740 2894 virtute
756 2834 912 2915 repressit.

101 2941 195 3004 Victa
211 2939 303 3001 malis
319 2950 486 3020 postquam
502 2937 673 3018 patientia,
683 2937 799 3019 repulit
815 2958 893 3018 aras,

102 3045 315 3128 Implevitque
331 3042 397 3104 suis
412 3061 612 3104 nemorosam
628 3043 762 3104 vocibus
779 3041 889 3105 OEten.

101 3149 168 3213 Nec
185 3169 282 3228 mora,
300 3147 455 3210 letiferam
471 3157 605 3210 curratur
621 3145 766 3210 scindere
784 3159 926 3211 vestem:

101 3258 180 3324 Qua
195 3255 338 3333 trahitur,
355 3253 452 3316 trahit
469 3253 524 3314 illa
539 3264 658 3331 cutem,
675 3251 861 3334 foedurnque
877 3253 989 3332 relatu,

103 3364 167 3428 Aut
183 3362 281 3423 haeret
298 3359 450 3422 membris
465 3357 581 3421 frustra
596 3369 717 3420 tentata
732 3359 852 3436 revelli,

104 3468 168 3531 Aut
183 3467 303 3529 laceros
318 3477 404 3528 artus
430 3476 462 3527 et
479 3464 611 3546 grandia
626 3463 748 3544 detegit
764 3483 844 3526 ossa.

103 3572 174 3653 Ipse
190 3590 293 3649 cruor,
310 3568 417 3652 gelido
434 3589 494 3632 ceu
510 3569 674 3650 quondam
689 3567 810 3630 lamina
824 3567 967 3630 candens

102 3675 224 3739 'I'incta
238 3673 321 3755 lacu,
338 3673 459 3752 stridet,
474 3675 685 3756 coquiturque
699 3672 829 3736 ardente
845 3691 981 3736 veneno.
