2646 4176
589 270 689 322 BOOK
709 271 742 321 V.

141 429 249 492 Causa
264 423 328 488 fuir
345 424 467 488 meritis
482 424 595 488 melior
610 437 675 506 tua,
692 435 833 510 ternpore
849 439 964 492 nostra
1071 447 1074 456 ¹

144 533 219 596 Non
232 531 368 594 cessisse
385 529 482 613 piget.
529 530 629 609 Nihil,
647 550 666 594 o
681 529 864 611 fortissime,
875 546 994 616 „praeter

152 637 244 699 Hanc
258 635 402 698 animam
416 634 558 698 concede
573 637 666 715 mihi,
683 647 740 700 tua
753 648 859 701 cetera
874 639 991 700 sunto’
1122 638 1187 702 165

150 739 247 802 frana
260 740 381 802 dicenti
396 759 500 822 neque
516 759 602 818 eum,
619 759 715 820 quern
732 761 811 804 voce
827 743 969 824 rogabat,

156 845 320 928 Respicere
335 844 477 922 audenti,
496 845 637 925 ‘Quod'
653 846 708 925 ait,
728 846 948 910 ‘timidissime
965 847 1102 934 Phineu,

154 951 195 1013 Et
209 969 338 1032 possum
354 950 511 1030 tribuisse,
527 961 560 1013 et
577 970 731 1033 magnum
746 971 866 1014 munus
881 952 977 1016 inerti
992 963 1051 1032 est,

150 1055 251 1136 (Pone
268 1057 409 1141 metum)
424 1054 564 1118 tribuam
577 1055 596 1118 ε’
609 1055 699 1118 nullo
714 1055 875 1120 violabere
890 1056 982 1122 ferro.

146 1161 240 1228 Quin
256 1160 356 1240 etiam
371 1177 521 1223 mansura
535 1160 618 1223 dabo
633 1173 845 1224 monumenta
859 1183 915 1246 per
928 1181 1057 1244 aevum3
1122 1162 1185 1228 1⁷0

147 1269 248 1347 Inque
266 1265 364 1327 demo
380 1265 481 1328 soceri
496 1284 621 1346 semper
635 1267 818 1348 spectabere
834 1267 946 1347 nostri,

149 1372 194 1434 Ut
207 1391 283 1434 msa
296 1389 331 1434 se
346 1369 454 1452 sponsi
470 1370 589 1432 soletur
605 1370 751 1454 imagine
761 1369 903 1452 conjux!

153 1475 256 1552 Dixit,
271 1486 303 1536 et
318 1475 350 1536 in
366 1485 489 1558 partem
504 1473 711 1556 Phorcynida
726 1476 887 1539 transtulit
903 1476 1001 1556 illam,

156 1578 209 1643 Ad
223 1597 317 1659 quam
330 1599 360 1642 se
377 1579 500 1662 trepido
516 1567 660 1676 Phineus
676 1581 854 1644 obverterat
870 1600 932 1643 ore.

157 1683 247 1748 Tum
263 1685 381 1766 qudque
397 1684 530 1748 conanti
544 1705 603 1748 sua
617 1683 745 1748 flectere
761 1685 885 1750 lumina
899 1685 1010 1748 cervix
1123 1686 1185 1750 175

149 1789 299 1872 Dirignit,
315 1809 456 1870 saxoque
473 1790 640 1854 oculorum
657 1788 799 1854 induruit
816 1791 939 1856 humor.

148 1894 215 1958 Sed
231 1904 340 1958 tamen
357 1914 393 1958 os
408 1895 557 1958 timidum
575 1895 746 1978 vultusque
763 1896 794 1958 in
812 1915 967 1960 marmore
983 1895 1119 1980 supplex

147 1999 390 2081 Submissaeque
406 2019 521 2094 manus
537 1999 698 2082 faciesque
714 2001 857 2064 obnoxia
870 2000 997 2066 mansit.

336 2275 538 2319 rnosnernur
566 2277 709 2320 canarno
733 2277 793 2320 orr
817 2279 858 2320 ar
881 2267 995 2320 ruore.

182 2379 214 2442 Ι
599 2431 628 2474 v.
654 2409 728 2474 arr.

191 2532 302 2595 Prima
317 2533 413 2596 Ocres
429 2552 513 2596 unco
530 2532 658 2614 glebam
674 2532 811 2594 dimovit
825 2543 947 2612 eratro;

145 2637 254 2700 Prima
270 2637 359 2700 dedit
375 2637 484 2720 fruges
499 2637 716 2716 alimentaque
732 2636 824 2699 mitia
838 2636 948 2716 terris;
1122 2637 1184 2700 180

143 2741 255 2806 Prima
270 2742 359 2806 dedit
374 2743 482 2826 leges;
506 2743 631 2806 Cereris
647 2752 723 2804 sunt
738 2741 848 2804 omnia
862 2759 990 2804 munus.

143 2847 208 2910 Illa
223 2847 368 2910 canende
384 2849 465 2910 mihi
481 2859 539 2910 est.
587 2847 720 2910 Utinam
736 2845 833 2910 modi>
848 2844 954 2910 dicere
970 2865 1097 2928 possem

141 2952 298 3014 Carmina
312 2952 410 3034 digna
424 2951 508 3015 deb!
530 2952 616 3015 certe
632 2965 682 3014 est
696 2953 757 3014 dea
772 2953 912 3016 carmine
927 2950 1036 3034 digna

190 3056 289 3120 Vasta
303 3057 464 3140 giganteis
480 3055 599 3136 injecta
613 3069 661 3120 est
677 3056 782 3120 insula
797 3057 949 3120 membris

142 3160 322 3242 Trinacris,
338 3174 370 3225 et
385 3164 512 3244 magnis
527 3160 710 3243 subjectum
727 3161 867 3224 molibus
882 3172 975 3244 urget
1121 3159 1185 3224 185

140 3264 308 3348 AEtherias
324 3287 439 3332 ausum
456 3287 579 3350 sperare
597 3267 760 3349 Typhoea
775 3267 877 3329 sedes

136 3369 337 3460 Nititprille
353 3371 495 3452 quidem,
513 3383 697 3455 pugnatque
713 3391 875 3453 resurgere
892 3389 998 3452 saepe3

137 3476 270 3540 Dextra
284 3475 503 3548 seddusonio
516 3497 634 3543 manus
648 3488 697 3540 est
712 3474 857 3556 subjecta
872 3473 995 3552 Peloro,

136 3581 256 3662 Lava,
273 3581 440 3664 Pachyno,
456 3582 527 3662 tibi,
543 3581 691 3664 Lilybeo
707 3601 798 3645 crura
815 3591 1011 3663 premuntur,

136 3686 310 3771 Dmvet
325 3685 431 3752 mma
440 3697 546 3772 caput,
562 3687 623 3750 sub
639 3686 704 3770 qud
718 3685 888 3769 resupinus
901 3704 1014 3748 arenas
1123 3685 1186 3750 190
