2636 4178
600 287 701 340 soox
721 289 771 340 xn
945 323 946 326 a
1155 265 1217 330 12³

176 447 253 511 Hoc
269 445 377 508 minda
391 454 423 506 et
440 443 545 507 minus
559 455 608 506 est
623 445 749 508 mentis.
795 445 869 509 Jam
885 441 1015 526 jamque
1031 443 1217 528 propinquae

179 551 360 616 Admotum
377 565 477 628 terrae,
490 547 559 629 jam
574 548 661 630 quod
675 569 869 631 cognoscere
885 561 1003 633 posset,
1152 549 1216 613 361

120 637 129 658 ‘
182 657 310 719 Cernit:
335 652 548 734 crat-conjux.
597 653 674 717 ‘Ille
689 656 760 734 est,’
776 655 945 734 exclamat,
961 666 993 718 et
1010 656 1075 719 uni

186 761 254 839 Ora,
270 779 388 838 comas,
405 771 528 822 vestem
544 759 671 840 lacerat,
688 760 887 842 tendensque
903 771 1076 824 trementes

184 866 235 929 Ad
250 867 355 948 Ceyca
370 884 495 944 manua,
512 864 598 945 ‘sia
614 885 634 926 o
649 865 810 928 carissime
825 862 957 946 conjux,

185 970 292 1034 Sicad
308 990 370 1048 me,
387 969 576 1050 miserande,
592 970 717 1034 redisl'
733 971 787 1033 ait.
834 969 969 1051 Adjaoet
985 970 1081 1035 undis
1152 969 1218 1032 365
1291 995 1293 1002 ⁴

181 1075 285 1139 Facta
300 1094 398 1138 manu
412 1075 524 1154 melea,
541 1094 613 1155 quae
629 1076 746 1158 primas
761 1076 898 1156 aequbris
913 1076 974 1140 iras

178 1180 326 1263 Frangit,
343 1191 375 1242 et
392 1181 537 1243 incursus
551 1198 622 1260 quae
640 1180 840 1262 praedelassat
855 1199 1018 1262 aquarum.

178 1286 286 1351 Insilit
303 1287 388 1364 huc;
414 1284 593 1366 mirumque
609 1283 671 1349 fuit
686 1286 826 1368 potuisse
840 1307 848 1365 ;
872 1286 1010 1365 volabat,

180 1391 429 1470 Percutiensque
445 1390 550 1453 levem
567 1389 663 1454 modb
678 1392 761 1453 natis
776 1393 848 1454 abra
863 1392 986 1473 pennis,

188 1495 367 1576 stringebat
383 1516 525 1560 summas
540 1495 607 1558 ales
622 1495 811 1559 miserabilis
826 1496 938 1559 undas.
1153 1495 1219 1560 370

189 1601 334 1680 Dumque
349 1601 446 1680 volat,
463 1612 575 1664 maesto
591 1601 741 1678 similem,
757 1601 953 1682 plenumque
969 1600 1106 1682 querelae

190 1705 251 1768 Ora
265 1704 374 1769 dedere
391 1725 517 1785 sonum,
534 1707 625 1769 tenui
640 1706 828 1788 crepitantia
842 1716 952 1769 rostro.

187 1811 229 1874 Ut
245 1809 318 1874 verb
333 1811 438 1893 tetigit
454 1822 581 1874 mutum
597 1820 629 1874 et
645 1811 713 1874 sine
730 1812 885 1894 sangnine
901 1830 1026 1894 corpus,

181 1916 326 1980 Dilectos
341 1927 427 1979 artus
442 1917 592 1998 amplexa
606 1918 787 1980 recentibus
802 1917 871 1997 alis,

181 2022 316 2105 Frigida
330 2024 544 2104 nequicquam
561 2023 640 2086 duro
656 2021 744 2086 dedit
761 2023 870 2086 osenla
884 2034 995 2086 rostro.
1096 2035 1099 2038 “
1154 2021 1220 2086 375

184 2127 326 2191 Senserit
342 2129 404 2191 hoc
420 2129 520 2212 Ceyx,
537 2149 577 2191 an
594 2129 720 2192 vultum
735 2130 877 2193 motibus
892 2129 988 2192 undae

183 2233 313 2296 'l'ollere
329 2236 370 2298 sit
387 2234 484 2312 visus,
502 2234 637 2317 populus
652 2234 837 2315 dubitabat3
861 2246 893 2298 at
909 2233 963 2298 ille

183 2339 342 2402 Senserat.
390 2339 434 2401 Et
451 2338 591 2419 tandem,
610 2340 731 2421 superis
746 2340 980 2419 miserantibus,
997 2340 1094 2402 ambo

181 2445 268 2508 Alito
285 2455 458 2508 mutantur.
507 2445 598 2508 Fatis
613 2445 773 2507 obnoxius
788 2442 889 2506 isdem

185 2549 282 2612 'l'unc
295 2549 420 2631 qubque
434 2551 550 2614 mansit
562 2568 660 2626 amor,
672 2567 731 2610 nec
743 2547 924 2628 conjugiale
937 2545 1079 2609 solutum
1091 2557 1139 2610 est
1155 2545 1220 2610 380

183 2653 306 2719 Foedus
322 2656 355 2718 in
371 2656 510 2719 alitibus.
559 2655 696 2731 Ooiiunt,
715 2652 860 2732 fiuntque
877 2664 1042 2733 parentes;

184 2758 306 2842 Perque
322 2761 391 2824 dies
407 2761 557 2844 placidos,
576 2760 710 2823 hiberno
726 2769 879 2840 tempore,
896 2766 1020 2840 septem

183 2866 321 2929 Incubat
336 2867 483 2949 Alcyone
500 2866 715 2949 pendentibus
731 2885 857 2946 aequore
874 2862 968 2926 nidis.

185 2953 275 3034 'r'um
291 2971 345 3035 via
359 2983 429 3035 tuta
444 2972 559 3035 maris:
583 2982 698 3034 ventos
713 2970 862 3051 custodit,
879 2981 912 3034 ct
927 2980 1013 3034 arcet

185 3073 298 3140 AEolus
313 3097 452 3160 egressu,
468 3089 659 3161 praestatque
675 3077 846 3161 nepotibus
861 3095 978 3158 aeqnor.
1026 3162 1029 3167 Ι
1155 3071 1221 3136 385
