2636 4178
92 229 153 296 126
389 252 506 305 ovrnu
528 253 847 306 nurenoxruosns.

89 407 148 470 Est
164 407 295 489 aliquid,
312 427 377 472 nou
393 428 462 472 esse
478 418 584 472 satum
599 409 745 488 Nereide,
763 408 818 472 sed
833 410 889 490 qui
1084 409 1127 471 55

88 515 253 593 Nereaque
269 524 302 576 et
318 525 409 577 natas
423 524 456 576 et
471 525 577 578 totum
593 525 747 598 temperat
763 515 891 594 aequor.’

88 620 191 697 Dixit,
208 630 240 681 et
257 620 419 682 haesurum
434 618 541 702 clypei
556 621 742 682 curvamine
759 620 861 682 telum

89 724 178 787 Misit
195 724 227 814 in
244 723 412 803 AEaciden,
428 725 516 804 quod
532 734 563 786 et
579 744 624 786 aes
639 737 672 787 et
688 725 833 807 proxima
849 723 934 805 rupit

90 830 199 911 Terga
214 847 342 892 novena
356 829 466 910 bourn,
478 829 605 894 decimo
621 843 729 893 tamen
745 830 820 892 orbe
838 839 994 892 moratum
1008 839 1065 892 est.

91 934 225 997 Excutit
242 935 303 996 hoc
319 934 422 1013 heros,
440 954 609 1015 rursusque
625 936 795 999 trementia
810 932 884 998 sorti
1083 935 1127 997 60

91 1039 175 1102 'Pela
190 1040 403 1115 manutersit,
420 1059 528 1102 rursus
544 1042 612 1104 sine
629 1040 761 1104 vulnere
778 1059 903 1121 corpus,

90 1145 324 1224 sincerumque
340 1142 410 1207 fuit.
457 1143 525 1208 Nec
543 1144 634 1208 tertia
648 1146 756 1227 cuspis
770 1155 915 1227 apertum

91 1251 134 1312 Et
150 1269 184 1310 se
201 1250 395 1332 praebentem
411 1249 512 1312 valuit
529 1250 723 1332 destringere
740 1252 903 1332 Cygnum.

90 1354 189 1417 Haud
204 1374 296 1416 secus
312 1354 437 1433 exarsit,
455 1356 552 1435 quam
567 1357 651 1419 circo
668 1365 777 1418 taurus
791 1366 911 1438 aperto,

90 1460 172 1522 cnm
188 1479 246 1522 sua
260 1459 392 1522 terribili
409 1459 488 1541 petit
504 1461 680 1524 irritamina
694 1481 803 1541 cornu,
1084 1462 1127 1524 65

92 1564 247 1628 Puniceas
264 1576 378 1642 vestes,
395 1565 546 1647 elusaque
562 1566 695 1630 vulnera
710 1567 815 1630 sentit.

91 1668 179 1732 Num
195 1682 303 1734 tamen
319 1670 474 1734 exciderit
490 1667 617 1750 serrum,
633 1672 823 1750 considerat,
841 1673 952 1764 hastae.

93 1775 246 1837 Haerebat
262 1775 359 1856 ligno.
410 1776 545 1840 ‘Manus
559 1788 607 1840 cst
623 1797 696 1840 mea
711 1777 826 1841 debilis
841 1796 926 1859 ergo,

91 1881 270 1960 Quasque,’
286 1881 341 1959 ait,
360 1883 453 1944 ‘ant'e
470 1882 583 1945 habuit
600 1884 692 1959 vires,
709 1882 824 1946 effudit
841 1884 874 1947 in
891 1883 978 1946 uno?

90 1987 173 2049 Nam
190 1987 274 2048 certe
292 1987 403 2063 valuit,
421 1986 472 2050 vel
488 1986 560 2049 edm
577 1987 734 2068 Lyrnesia
749 1987 887 2074 primum
1081 1985 1124 2048 70

91 2091 212 2154 Moeuia
227 2089 339 2169 disjeci
353 2111 360 2170 ;
386 2091 438 2153 vel
453 2092 527 2154 crim
544 2091 767 2172 Tenedonque
783 2113 906 2173 suoque

91 2197 265 2259 Eetioneas
281 2195 413 2278 implevi
427 2197 583 2277 sanguine
601 2196 752 2276 Thebas3

91 2301 150 2364 Vel
166 2302 239 2364 crim
257 2320 431 2386 purpureus
447 2302 589 2383 populari
605 2301 693 2366 caede
709 2303 838 2386 Caycus

91 2407 216 2486 Fluxit,
234 2425 376 2488 opusque
392 2426 473 2470 meae
492 2393 540 2470 his
555 2408 655 2471 sensit
672 2406 841 2489 Telephus
856 2408 967 2471 hastae.

92 2512 157 2575 Hic
173 2513 300 2593 qudque
317 2523 364 2576 tot
380 2513 481 2591 caesis,
498 2533 632 2594 quorum
649 2533 704 2602 per
719 2512 796 2574 litus
810 2531 941 2599 aceryos
1086 2513 1128 2574 75

93 2617 225 2698 Etfeci,
241 2630 274 2682 et
290 2618 394 2696 uideo,
412 2619 517 2696 valuit,
530 2639 603 2681 mea
618 2619 739 2697 dextra,
757 2617 927 2697 valetque)

92 2725 193 2803 Dixit,
211 2736 252 2802 et,
270 2725 344 2788 ante
359 2725 440 2787 actis
455 2724 558 2788 veluti
573 2724 656 2786 male
672 2722 824 2800 crederet,
841 2723 965 2784 hastam

92 2830 180 2893 Misit
198 2831 230 2892 in
248 2829 417 2891 adversum
434 2829 538 2910 Lycia
552 2828 592 2890 de
609 2829 700 2910 plebe
717 2828 892 2916 Menoeten,

92 2934 305 3014 Loricamque
321 2911 424 2996 simul
435 2931 642 3015 subjectaque
658 2944 788 3016 pectora
802 2933 896 3015 rupit.

93 3040 171 3108 Quo
188 3038 358 3121 plangente
374 3057 505 3120 gravem
521 3037 712 3102 moribundo
729 3039 848 3102 vertice
865 3048 991 3116 terram,
1086 3034 1129 3097 80

93 3144 245 3208 Extrahit
261 3142 340 3206 illud
357 3143 442 3206 idem
459 3142 564 3206 calido
579 3142 619 3206 de
636 3143 894 3223 vulnerandum,

91 3251 198 3331 Atque
224 3250 289 3313 ait:
322 3250 422 3312 ‘Haec
446 3267 560 3312 manus
584 3258 642 3328 est,
666 3250 748 3328 haec,
772 3251 836 3331 qui
860 3247 958 3312 modo
980 3248 1130 3324 vicimus,

271 3357 380 3432 hastn;
1137 3337 1147 3360 ⁸

94 3459 173 3524 Utar
188 3461 222 3524 in
237 3461 325 3524 hunc
341 3459 462 3524 isdem:
487 3459 528 3522 sit
543 3460 577 3522 in
593 3460 656 3522 hoc
673 3479 780 3542 precor
795 3461 903 3524 exitus
918 3457 1027 3520 idem!

95 3567 150 3630 Sic
167 3565 259 3644 fattu,
277 3566 493 3646 Cygnumque
510 3566 599 3648 petit,
616 3585 677 3628 nec
692 3563 837 3628 fraxinus
852 3575 944 3644 errat,

94 3673 196 3751 lnquc
213 3671 347 3732 humero
363 3670 471 3733 sonuit
486 3690 551 3734 non
567 3671 687 3734 evitata
702 3671 839 3734 sinistro.
1090 3666 1134 3729 85
