2636 4178
119 241 182 307 too
416 261 533 316 ormo
556 263 876 316 rmrsuonrnosus.

116 415 213 480 Ferre
229 417 325 482 simul
340 437 522 499 nomenque
538 437 633 482 suum
648 437 802 499 curesque
814 418 962 504 jubebit;
1031 433 1032 440 ’
1082 427 1150 493 290

114 519 193 600 Nee,
210 523 273 588 nisi
288 523 363 588 edm
378 523 484 587 senior
500 523 609 605 Pylios
623 524 799 604 aequaverit
814 543 926 607 annos,

114 625 276 692 AEtherius
298 628 389 692 sedes
403 638 602 711 cognataque
618 629 722 692 sidera
736 640 855 710 tanget.

115 733 211 796 Hane
226 733 367 797 unimam
383 734 504 797 interea
517 751 602 796 caeso
617 731 657 796 de
673 753 801 816 corpore
818 747 940 819 ruptam

114 838 182 901 Fac
195 836 298 918 jubar,
314 848 351 901 ut
366 857 490 920 semper
505 837 663 921 Capitolia
678 848 785 901 nostru
800 837 986 923 Forumque

116 941 221 1006 Divus
236 943 276 1005 ab
291 942 420 1007 excelsis
434 951 611 1026 prospectet
625 941 731 1007 Julius
745 942 837 1032 mdc!
1081 951 1148 1014 295

159 1049 222 1112 Vix
237 1068 275 1112 eu
289 1047 374 1112 fatus
389 1056 464 1127 erat,
481 1046 587 1112 medii
601 1047 675 1110 edm
690 1048 765 1110 sede
782 1048 919 1113 Senatus

114 1152 265 1216 Constitit
280 1153 366 1216 alma
381 1153 498 1230 Venus,
516 1151 598 1214 nulli
612 1151 781 1232 cernenda,
798 1153 911 1234 suique

115 1257 249 1320 Caesaris
263 1257 378 1340 eripuit
394 1253 556 1335 membris,
573 1277 633 1320 nec
650 1258 682 1319 in
699 1259 772 1321 adra
785 1257 868 1320 solvi

114 1361 211 1424 Passa
225 1373 386 1426 recentem
402 1361 543 1456 enimam
558 1361 743 1426 coelcstibus
759 1362 868 1426 intulit
883 1366 985 1428 astris.

114 1466 266 1549 Dumque
282 1465 366 1546 tulit,
384 1467 494 1530 lumen
509 1486 620 1550 capere
636 1478 731 1546 atque
747 1467 910 1548 ignescere
926 1471 1036 1553 sensit,
1083 1473 1149 1540 30⁰

115 1571 297 1654 Emisitque
313 1572 396 1635 sinu.
444 1571 539 1636 Luni
554 1571 640 1634 volut
655 1571 749 1636 altilis
763 1571 829 1650 illo,

115 1676 425 1757 Flammiferumque
440 1677 569 1740 trahens
583 1677 722 1759 spatioso
739 1674 841 1740 limite
856 1678 979 1744 crinem

114 1781 219 1844 Stella
232 1781 340 1863 micat,
357 1783 487 1864 natique
503 1782 617 1845 videns
632 1779 802 1845 benefacta
817 1780 936 1848 fatetur

115 1883 196 1950 Esse
212 1887 279 1950 suis
294 1884 423 1967 majora,
438 1899 471 1949 et
486 1886 575 1951 vinci
590 1885 708 1968 gaudet
723 1887 764 1950 ab
780 1886 847 1950 illo.

114 1991 180 2055 Hic
196 2011 255 2054 sue
270 1989 408 2073 praeserri
423 2009 616 2072 quamquam
632 2002 719 2054 vetat
735 2002 808 2054 octa
823 1993 967 2076 paternis,
1078 1992 1146 2058 306

114 2095 231 2158 Libera
245 2093 332 2159 sama
346 2107 455 2158 tamen
471 2095 630 2176 nullisque
646 2096 786 2159 obnoxia
797 2095 905 2177 jussis,

114 2200 258 2264 Invitum
275 2197 408 2282 praelert,
424 2199 553 2281 unlque
570 2200 604 2263 in
619 2211 705 2284 parte
722 2211 890 2283 repugnat.

114 2304 171 2368 Sic
187 2304 312 2386 maguis
328 2302 414 2368 cedit
430 2303 532 2368 titulis
547 2304 800 2386 Agamemnonis
815 2306 942 2386 Atreus,

113 2408 219 2491 AEgea
233 2408 280 2473 sic
297 2409 456 2488 Theseus,
472 2409 519 2474 sic
534 2408 632 2472 Peleu
646 2409 747 2472 vineit
764 2410 917 2492 Achilles,

114 2514 273 2596 Denique,
290 2525 326 2578 ut
342 2513 499 2598 exemplis
515 2513 600 2597 ipsos
614 2514 817 2595 aequantibus
834 2527 914 2594 utar,
1085 2518 1150 2581 310

115 2619 172 2682 Sic
184 2630 218 2683 et
235 2618 394 2683 Saturnus
410 2619 514 2684 minor
528 2629 577 2684 est
592 2619 683 2683 Jove.
729 2619 854 2702 Jupiter
869 2640 959 2686 arces

33 2785 38 2798 ,
116 2723 290 2808 Temperat
306 2724 463 2802 aetherias,
479 2735 512 2788 et
526 2723 640 2788 mundi
655 2743 754 2806 regna
769 2723 939 2805 triformis3

115 2830 218 2892 Terre
232 2829 292 2892 sub
308 2830 456 2911 Augusto
471 2838 538 2892 est:
563 2839 651 2910 peter
665 2840 713 2892 est
729 2840 761 2892 et
778 2840 880 2894 rector
894 2840 1038 2911 uterque.

159 2932 212 3012 Di,
228 2952 346 3016 precor,
363 2932 479 2995 AEneae
494 2934 638 3012 comites,
655 2933 773 3013 quibus
788 2935 874 2997 ensis
889 2947 921 2998 et
938 2933 1024 3016 ignis

115 3040 296 3116 Cesserunt,
313 3035 409 3117 dique
426 3037 600 3120 Indigetes,
617 3038 806 3120 genitorque
824 3038 962 3107 Quirine
1084 3039 1150 3102 315

115 3141 221 3222 Urbis,
237 3154 269 3205 et
286 3141 399 3205 invicti
412 3143 537 3224 genitor
552 3141 693 3204 Gradive
710 3142 852 3222 Quirini,

118 3244 274 3327 Vestaque
290 3248 453 3310 Gaesareos
470 3249 551 3311 inter
565 3259 687 3310 sacrata
703 3246 848 3326 Penates,

116 3350 160 3414 Et
175 3371 252 3415 cnm
267 3352 413 3438 casarea
427 3364 474 3430 tn,
490 3352 612 3414 Phoebe
628 3351 814 3431 domestice,
832 3351 938 3430 vent,

115 3455 249 3536 Quique
266 3467 356 3520 tenes
371 3457 451 3520 ultas
468 3456 633 3538 Tarpeias,
648 3456 782 3538 Jupiter,
798 3476 897 3535 arces,

115 3560 274 3640 Quosque
289 3560 370 3624 alios
385 3563 451 3623 vati
466 3559 514 3624 sas
529 3561 686 3644 appellere
702 3561 854 3644 piumque
871 3571 931 3640 est,
1089 3557 1154 3622 320
