2636 4178
119 265 183 329 114
302 255 304 264 ’
414 287 530 338 ovro’s
552 285 872 338 unruuonrnosns.

115 441 302 506 Humanam
318 442 450 505 stolidas
466 443 584 524 patitur
599 442 734 504 retinere
752 440 907 523 figuram

116 547 183 610 Sed
199 548 292 610 trahit
310 549 343 610 in
359 548 508 629 spatium,
526 547 674 626 villisque
690 546 873 608 albentibus
888 544 1009 627 implet,

114 652 346 732 Instabilesque
363 652 428 714 imo
445 653 531 729 facit,
548 662 580 714 et
597 653 650 712 dat
667 671 759 732 posse
774 650 905 712 moveri.
929 697 931 702 ,

115 757 230 819 Cetera
244 769 319 820 sunt
335 757 494 836 hominis;
520 769 640 838 partem
656 756 826 818 damnatur
841 755 875 818 in
891 773 999 834 uuam,
1109 753 1153 817 90

115 862 327 943 Induiturque
343 883 436 925 aures
451 863 537 928 lente
553 861 726 944 gradientis
741 859 839 922 aselli.

160 967 218 1030 Ille
234 968 365 1048 quidem
380 967 474 1045 celat,
491 969 637 1050 turpique
654 977 784 1028 onerata
798 964 917 1048 pudore
943 965 947 982 '

116 1071 280 1155 Tempora
295 1073 462 1154 purpureis
478 1083 580 1135 tentat
596 1071 702 1134 velare
719 1071 825 1149 tiaris;

117 1177 193 1255 Sed,
210 1177 323 1239 solitus
338 1176 453 1258 longos
468 1174 549 1240 ferro
566 1196 706 1260 resecare
722 1175 863 1258 capillos,

116 1279 245 1343 Viderat
261 1282 322 1344 hoe
338 1280 488 1344 famulus.
536 1280 606 1348 Qui
622 1279 697 1363 edm
713 1300 773 1342 nec
789 1279 918 1362 prodere
933 1280 1041 1344 visum
1084 1342 1094 1360 Α,
1111 1280 1153 1348 95

113 1386 266 1448 ¹Dedecus
282 1386 423 1465 auderet,
440 1387 574 1468 cupiens
590 1385 699 1450 efferre
716 1386 776 1448 sub
791 1405 893 1464 auras,

115 1489 183 1554 Nee
201 1502 306 1574 posset
321 1491 452 1554 reticere
468 1502 588 1570 tamen,
605 1491 736 1566 secedit,
753 1491 953 1570 humumque

116 1595 250 1674 Effodit,
268 1605 310 1674 et,
327 1595 450 1660 domini
466 1595 576 1676 quales
592 1595 772 1678 adspexerit
788 1615 888 1672 aures,

117 1699 204 1763 Voce
221 1699 316 1764 refert
332 1701 437 1783 parvi,
454 1712 607 1782 terraeque
624 1701 845 1766 immurmurat
863 1701 1008 1781 haustae3

116 1805 341 1885 Indiciumque
357 1825 424 1868 suae
440 1806 529 1868 vocis
545 1805 658 1869 tellure
674 1804 799 1886 regesti
1088 1805 1152 1868 100

116 1909 241 1986 Obruit,
259 1889 291 1971 et
307 1903 472 1972 scrobibus
488 1911 605 1973 tacitns
620 1909 757 1972 discedit
774 1910 899 1991 opertis.
970 1887 981 1905 ⁸

116 2014 234 2076 Creber
249 2013 458 2076 arundinibus
473 2012 617 2076 tremulis
633 2014 678 2074 ibi
693 2033 822 2096 surgere
839 2014 932 2078 lucus

116 2119 241 2199 Coepit:
265 2128 307 2195 et,
325 2127 360 2178 ut
377 2117 512 2198 primitur
529 2117 623 2200 pleno
640 2120 794 2180 maturuit
810 2139 906 2198 anno,

117 2222 259 2287 Prodidit
275 2221 465 2302 agricolant3
489 2222 554 2285 leni
571 2241 646 2284 nam
662 2235 768 2286 motus
783 2225 824 2286 ab
840 2226 957 2287 Austro

117 2329 240 2392 Obruta
255 2326 353 2389 verba
368 2325 471 2404 refert,
489 2327 675 2408 dominique
691 2328 836 2411 coarguit
850 2347 951 2391 aures.
1091 2323 1152 2390 105

404 2603 473 2646 'rus
498 2605 691 2646 surrwaacn
711 2605 751 2647 or
775 2581 868 2646 onix.

567 2759 597 2801 v.
624 2738 697 2800 410.

116 2859 243 2921 Interea
257 2857 423 2938 fratrisque
439 2859 489 2920 sui
505 2857 695 2938 fratremque
712 2841 830 2922 secutis

116 2963 225 3025 Anxia
241 2962 391 3044 prodigiis
407 2963 553 3025 turbatus
568 2974 697 3044 pectora
712 2965 812 3046 Ceyx,

117 3067 273 3131 Consulat
291 3077 325 3129 ut
341 3087 454 3144 sacras,
472 3067 641 3150 hominum
657 3067 882 3148 oblectamina,
899 3081 1010 3147 sortes,

117 3171 168 3235 Ad
185 3171 325 3236 Clarium
343 3183 430 3255 parat
445 3173 488 3234 ire
505 3172 624 3236 deum:
651 3193 725 3236 nam
742 3174 862 3256 templa
876 3173 1028 3256 profanus

116 3277 210 3340 invia
225 3297 301 3341 cum
317 3277 473 3360 Phlegyis
489 3275 628 3340 faciebat
645 3277 804 3360 Delphica
817 3277 973 3342 Phorbas.
1092 3276 1155 3342 110
1211 3263 1215 3270 ’

161 3382 321 3446 Portubus
336 3383 488 3461 exierant,
506 3393 538 3445 et
554 3394 696 3446 moverat
711 3403 788 3446 aura
802 3383 975 3464 rudentes,
1054 3395 1058 3401 ’

117 3487 264 3550 Obvertit
279 3488 369 3551 lateri
385 3488 562 3570 pendentes
577 3489 688 3550 navita
702 3508 816 3567 remos,

116 3594 307 3682 Cornuaque
324 3594 357 3656 in
373 3594 500 3657 summi
515 3593 599 3656 locat
614 3595 734 3674 arbore,
751 3605 881 3676 totaque
896 3593 983 3658 malo

117 3698 255 3761 Carbasa
269 3697 416 3774 deducit,
425 3698 654 3779 venientesque
670 3698 791 3782 excipit
806 3717 907 3764 auras.
