2646 4176
579 295 680 348 BOOK
701 297 735 348 V.

130 455 283 539 Applicat
299 452 355 516 hic
370 453 522 516 humeros
537 451 579 515 ad
594 471 721 534 magnae
736 471 815 516 saxa
829 451 1001 532 columne,

135 561 289 640 Tutaque
306 570 396 640 terga
411 577 534 640 gerens,
550 557 745 640 adversaque
762 558 796 620 in
811 559 942 640 agmina
956 575 1077 637 vorsus,

142 665 285 728 Sustinet
300 664 468 726 instantes.
516 663 660 726 Instabat
676 673 763 746 parte
780 662 907 726 sinistri
1112 661 1176 725 105

143 770 302 833 Choanius
318 767 476 849 Molpeus,
493 757 607 831 dextri
621 767 796 831 Nabataeus
812 768 987 830 Ethemon.

143 874 250 956 Tigris
266 885 311 951 ut,
327 872 447 934 auditis
462 871 587 936 diversit
603 873 687 936 valle
703 873 842 936 duorum

139 978 357 1043 Exstinrulata
372 975 457 1039 same
473 977 652 1059 mugitibus
666 989 893 1057 armentorum,

135 1085 256 1162 Nescit,
274 1083 348 1146 utrd
363 1081 467 1162 potiris
482 1092 562 1161 ruat,
580 1092 612 1144 et
627 1102 717 1146 ruere
732 1083 821 1145 ardet
837 1082 991 1164 utrdque3

134 1191 190 1253 Sic
207 1188 329 1250 dubius
345 1187 486 1267 Perseus,
503 1186 616 1251 dextri
631 1187 755 1252 laevino
771 1186 900 1268 feratur,
1113 1187 1176 1250 110

134 1295 267 1375 Molpea
283 1290 405 1371 trajecti
421 1292 584 1355 submovit
599 1293 732 1356 vulnere
746 1294 863 1372 omris;

139 1400 384 1477 contentusque
402 1395 481 1478 lugd
495 1407 554 1460 est.
600 1395 713 1478 Neque
735 1399 824 1460 enim
847 1397 901 1460 dat
924 1408 1052 1480 ternpus
1075 1396 1191 1468 Ethe-¹

316 1521 402 1580 mon,

145 1605 215 1668 Sed
230 1603 314 1684 surit,
327 1619 365 1686 et,
381 1606 515 1688 cupiens
529 1605 685 1668 altudere
704 1605 837 1668 vulnera
850 1603 945 1685 collo,

141 1711 217 1776 Non
234 1695 465 1794 circumspectis
480 1722 632 1774 exactum
649 1692 772 1773 viribus
787 1729 899 1773 ensem

135 1813 262 1897 Fregit,
278 1828 309 1878 et
324 1817 470 1880 extremi
484 1835 643 1900 percussae
661 1828 748 1898 parte
764 1816 925 1879 columnas
1115 1815 1176 1878 115

132 1921 274 1985 Lamina
289 1921 438 2000 dissiluit,
455 1909 641 2003 dominique
658 1923 692 1984 in
710 1933 840 2004 gutture
858 1921 925 1984 fixe
938 1931 996 1984 est.

134 2027 205 2089 Non
225 2038 336 2088 tamen
351 2026 391 2088 ad
408 2025 509 2089 letum
525 2046 637 2090 causas
653 2028 729 2091 satis
745 2027 800 2090 illa
815 2027 961 2090 valentes

137 2129 234 2214 Plaga
250 2130 350 2194 dedit.
397 2131 575 2213 Trepidum
592 2131 726 2196 Perseus
740 2145 773 2195 et
788 2133 903 2196 inertia
918 2131 1034 2196 srustrd

135 2235 273 2300 Brachia
289 2235 475 2299 tendentem
492 2237 662 2318 Cyllenide
678 2237 824 2300 confodit
839 2239 946 2319 harpe.

205 2495 351 2540 ramnus
375 2499 439 2541 Arm
464 2499 519 2542 ms
544 2500 746 2542 cotss’ntttotts
769 2499 902 2540 nultum>
925 2497 967 2539 ΤΟ
991 2495 1102 2540 saorth.

180 2655 301 2718 Venlm
316 2655 373 2718 nbi
389 2655 541 2720 virtutem
557 2655 660 2718 turbae
676 2654 886 2716 succumbere
901 2651 992 2730 vidit,
1113 2650 1177 2714 120

136 2759 349 2838 ‘Auxilium’
367 2759 511 2839 Perseus,
530 2761 701 2841 ‘quoniam
716 2759 763 2821 sic
779 2755 895 2840 cogitis
910 2757 993 2840 ipsi,'

134 2863 241 2941 Dixit,
261 2864 319 2926 ‘ab
335 2865 427 2927 hoste
444 2876 561 2947 petam.
609 2864 726 2928 Vultus
740 2865 875 2926 averthe
891 2873 1022 2942 vestros,

136 2969 175 3031 Si
191 2971 264 3049 quis
280 2970 404 3032 amicus
418 2971 508 3032 adest
519 2973 546 3033 :'
562 2980 595 3033 et
611 2971 772 3052 Gorgonis
787 2968 904 3032 extulit
922 2987 984 3032 ore.

136 3075 279 3142 ‘Qttaere
294 3073 405 3154 aliurn,
423 3085 479 3138 tua
493 3093 590 3156 quent
606 3087 758 3138 moveant
776 3073 953 3152 miracula,’
970 3072 1054 3136 dixit

135 3177 321 3241 Thescelus
335 3200 342 3256 ;
367 3191 465 3259 utque
482 3200 578 3242 manu
592 3178 738 3258 jaculum
754 3177 850 3241 fatale
867 3179 996 3261 perabat
1045 3203 1049 3208 ·
1113 3175 1176 3238 tuo

132 3283 277 3360 Mittere,
295 3283 328 3344 iu
346 3285 409 3346 hoo
425 3285 519 3347 lraesit
534 3285 665 3366 signum
681 3284 721 3346 de
738 3302 900 3346 marmore⁴
911 3293 1015 3363 gestu.

131 3387 309 3454 &oximus
324 3389 400 3451 huic
418 3392 548 3471 Ampyx
564 3389 664 3451 animi
680 3388 865 3470 plenissima
880 3386 990 3467 magni

130 3493 273 3556 Pectora
289 3491 448 3573 Lyncidae
462 3494 569 3575 gladio
585 3493 674 3576 petit,
693 3493 788 3573 inque
805 3491 944 3574 petendo

131 3599 282 3660 Dextera
292 3598 435 3680 diriguit,
452 3618 512 3662 nec
528 3599 608 3661 citri
623 3609 712 3660 mota
727 3617 786 3660 nec
803 3596 894 3658 ultra.
921 3647 926 3652 .

132 3705 179 3766 At
196 3701 321 3782 Nileus,
338 3704 443 3784 quise
460 3704 606 3785 genitum
623 3702 829 3786 septemplice
846 3701 921 3764 Nilo
1113 3695 1176 3759 130
