<?xml version="1.0" encoding="UTF-8"?>
<!DOCTYPE html PUBLIC "-//W3C//DTD XHTML 1.0 Transitional//EN"
    "http://www.w3.org/TR/xhtml1/DTD/xhtml1-transitional.dtd">
<html xmlns="http://www.w3.org/1999/xhtml" xml:lang="en" lang="en">
 <head>
  <title>
</title>
<meta http-equiv="Content-Type" content="text/html;charset=utf-8" />
  <meta name='ocr-system' content='tesseract 3.04.00' />
  <meta name='ocr-capabilities' content='ocr_page ocr_carea ocr_par ocr_line ocrx_word'/>
</head>
<body>
  <div class='ocr_page' id='page_1' title='image "./selectionsfromm00ovidgoog_0161.png"; bbox 0 0 2636 4178; ppageno 0'>
   <div class='ocr_carea' id='block_1_1' title="bbox 108 263 850 334">
    <p class='ocr_par' dir='ltr' id='par_1_1' title="bbox 108 263 850 334">
     <span class='ocr_line' id='line_1_1' title="bbox 108 263 850 334; baseline 0.008 -8"><span class='ocrx_word' id='word_1_1' title='bbox 108 263 171 328; x_wconf 76' lang='lat'><strong>152</strong></span> <span class='ocrx_word' id='word_1_2' title='bbox 391 282 508 334; x_wconf 73' lang='lat' dir='ltr'><strong>ovm’s</strong></span> <span class='ocrx_word' id='word_1_3' title='bbox 529 281 850 334; x_wconf 71' lang='lat' dir='ltr'><strong>unrauonsnosns.</strong></span> 
     </span>
    </p>
   </div>
   <div class='ocr_carea' id='block_1_2' title="bbox 105 435 1018 627">
    <p class='ocr_par' dir='ltr' id='par_1_2' title="bbox 105 435 1018 627">
     <span class='ocr_line' id='line_1_2' title="bbox 105 435 1018 518; baseline -0.005 -12"><span class='ocrx_word' id='word_1_4' title='bbox 105 439 193 509; x_wconf 73' lang='lat' dir='ltr'><strong>Quae</strong></span> <span class='ocrx_word' id='word_1_5' title='bbox 208 439 344 502; x_wconf 75' lang='lat' dir='ltr'>deceant</span> <span class='ocrx_word' id='word_1_6' title='bbox 359 438 483 518; x_wconf 91' lang='lat' dir='ltr'><strong>urbem,</strong></span> <span class='ocrx_word' id='word_1_7' title='bbox 500 457 620 501; x_wconf 90' lang='lat' dir='ltr'><strong>nomeu</strong></span> <span class='ocrx_word' id='word_1_8' title='bbox 635 437 761 518; x_wconf 76' lang='lat' dir='ltr'><strong>quoque</strong></span> <span class='ocrx_word' id='word_1_9' title='bbox 779 437 895 501; x_wconf 85' lang='lat' dir='ltr'><strong>mansit</strong></span> <span class='ocrx_word' id='word_1_10' title='bbox 911 435 946 501; x_wconf 91' lang='lat' dir='ltr'><strong>in</strong></span> <span class='ocrx_word' id='word_1_11' title='bbox 962 437 1018 501; x_wconf 82' lang='lat' dir='ltr'><strong>illt</strong></span> 
     </span>
     <span class='ocr_line' id='line_1_3' title="bbox 106 542 900 627; baseline -0.006 -18"><span class='ocrx_word' id='word_1_12' title='bbox 106 545 211 622; x_wconf 84' lang='lat' dir='ltr'><strong>Urbis,</strong></span> <span class='ocrx_word' id='word_1_13' title='bbox 225 555 259 607; x_wconf 92' lang='lat' dir='ltr'><strong>et</strong></span> <span class='ocrx_word' id='word_1_14' title='bbox 275 545 344 627; x_wconf 85' lang='lat' dir='ltr'><strong>ipsa</strong></span> <span class='ocrx_word' id='word_1_15' title='bbox 357 545 424 606; x_wconf 87' lang='lat' dir='ltr'><strong>suis</strong></span> <span class='ocrx_word' id='word_1_16' title='bbox 438 542 642 627; x_wconf 81' lang='lat' dir='ltr'>deplangitur</span> <span class='ocrx_word' id='word_1_17' title='bbox 657 542 763 606; x_wconf 85' lang='lat' dir='ltr'><strong>Ardea</strong></span> <span class='ocrx_word' id='word_1_18' title='bbox 778 542 900 626; x_wconf 89' lang='lat' dir='ltr'><strong>pennis.</strong></span> 
     </span>
    </p>
   </div>
   <div class='ocr_carea' id='block_1_3' title="bbox 414 803 821 847">
    <p class='ocr_par' dir='ltr' id='par_1_3' title="bbox 414 803 821 847">
     <span class='ocr_line' id='line_1_4' title="bbox 414 803 821 847; baseline -0.005 0"><span class='ocrx_word' id='word_1_19' title='bbox 414 803 614 847; x_wconf 71' lang='lat' dir='ltr'><strong>Arounnosm</strong></span> <span class='ocrx_word' id='word_1_20' title='bbox 638 803 678 845; x_wconf 71' lang='lat' dir='ltr'><strong>OF</strong></span> <span class='ocrx_word' id='word_1_21' title='bbox 701 803 821 846; x_wconf 68' lang='lat' dir='ltr'><strong>AENEAS.</strong></span> 
     </span>
    </p>
   </div>
   <div class='ocr_carea' id='block_1_4' title="bbox 88 957 1148 3665">
    <p class='ocr_par' dir='ltr' id='par_1_4' title="bbox 88 957 1148 3665">
     <span class='ocr_line' id='line_1_5' title="bbox 149 957 937 1043; baseline -0.004 -18"><span class='ocrx_word' id='word_1_22' title='bbox 149 962 285 1043; x_wconf 81' lang='lat' dir='ltr'><strong>Jamque</strong></span> <span class='ocrx_word' id='word_1_23' title='bbox 301 962 379 1024; x_wconf 93' lang='lat' dir='ltr'><strong>deos</strong></span> <span class='ocrx_word' id='word_1_24' title='bbox 395 961 686 1042; x_wconf 85' lang='lat' dir='ltr'><strong>omnes-ipsamque</strong></span> <span class='ocrx_word' id='word_1_25' title='bbox 702 957 821 1022; x_wconf 78' lang='lat' dir='ltr'><strong>AEneia</strong></span> <span class='ocrx_word' id='word_1_26' title='bbox 834 958 937 1022; x_wconf 87' lang='lat' dir='ltr'><strong>virtus</strong></span> 
     </span>
     <span class='ocr_line' id='line_1_6' title="bbox 105 1063 772 1145; baseline -0.009 -15"><span class='ocrx_word' id='word_1_27' title='bbox 105 1065 268 1130; x_wconf 90' lang='lat' dir='ltr'><strong>Junonem</strong></span> <span class='ocrx_word' id='word_1_28' title='bbox 284 1078 406 1128; x_wconf 88' lang='lat' dir='ltr'><strong>veteres</strong></span> <span class='ocrx_word' id='word_1_29' title='bbox 421 1065 513 1129; x_wconf 89' lang='lat' dir='ltr'><strong>finire</strong></span> <span class='ocrx_word' id='word_1_30' title='bbox 529 1066 677 1145; x_wconf 79' lang='lat' dir='ltr'><strong>coegerat</strong></span> <span class='ocrx_word' id='word_1_31' title='bbox 693 1063 772 1142; x_wconf 86' lang='lat' dir='ltr'><strong>iras;</strong></span> 
     </span>
     <span class='ocr_line' id='line_1_7' title="bbox 107 1155 861 1252; baseline -0.008 -17"><span class='ocrx_word' id='word_1_32' title='bbox 107 1171 200 1250; x_wconf 82' lang='lat' dir='ltr'><strong>Cbm,</strong></span> <span class='ocrx_word' id='word_1_33' title='bbox 218 1171 299 1234; x_wconf 89' lang='lat' dir='ltr'><strong>bene</strong></span> <span class='ocrx_word' id='word_1_34' title='bbox 315 1168 457 1232; x_wconf 88' lang='lat' dir='ltr'><strong>fundatis</strong></span> <span class='ocrx_word' id='word_1_35' title='bbox 472 1155 587 1252; x_wconf 88' lang='lat' dir='ltr'><strong>opibus</strong></span> <span class='ocrx_word' id='word_1_36' title='bbox 602 1169 774 1231; x_wconf 87' lang='lat' dir='ltr'><strong>crescentis</strong></span> <span class='ocrx_word' id='word_1_37' title='bbox 789 1167 861 1248; x_wconf 86' lang='lat' dir='ltr'><strong>Iiili,</strong></span> 
     </span>
     <span class='ocr_line' id='line_1_8' title="bbox 108 1273 848 1358; baseline -0.007 -19"><span class='ocrx_word' id='word_1_38' title='bbox 108 1276 340 1358; x_wconf 82' lang='lat' dir='ltr'><strong>Tempestivus</strong></span> <span class='ocrx_word' id='word_1_39' title='bbox 355 1285 420 1337; x_wconf 87' lang='lat' dir='ltr'><strong>erat</strong></span> <span class='ocrx_word' id='word_1_40' title='bbox 435 1273 518 1336; x_wconf 90' lang='lat' dir='ltr'><strong>coelo</strong></span> <span class='ocrx_word' id='word_1_41' title='bbox 533 1273 728 1355; x_wconf 72' lang='lat' dir='ltr'><strong>Cythereius</strong></span> <span class='ocrx_word' id='word_1_42' title='bbox 744 1273 848 1352; x_wconf 91' lang='lat' dir='ltr'><strong>heros,</strong></span> 
     </span>
     <span class='ocr_line' id='line_1_9' title="bbox 107 1377 937 1461; baseline -0.004 -17"><span class='ocrx_word' id='word_1_43' title='bbox 107 1381 335 1461; x_wconf 74' lang='lat' dir='ltr'><strong>Ambissetque</strong></span> <span class='ocrx_word' id='word_1_44' title='bbox 352 1380 461 1442; x_wconf 86' lang='lat' dir='ltr'><strong>Venus</strong></span> <span class='ocrx_word' id='word_1_45' title='bbox 476 1397 615 1460; x_wconf 65' lang='lat' dir='ltr'><strong>superos</strong></span> <span class='ocrx_word' id='word_1_46' title='bbox 633 1377 780 1459; x_wconf 89' lang='lat' dir='ltr'><strong>colloque</strong></span> <span class='ocrx_word' id='word_1_47' title='bbox 797 1377 937 1460; x_wconf 88' lang='lat' dir='ltr'><strong>parentis</strong></span> 
     </span>
     <span class='ocr_line' id='line_1_10' title="bbox 107 1465 1148 1563; baseline 0.001 -15"><span class='ocrx_word' id='word_1_48' title='bbox 107 1484 310 1550; x_wconf 83' lang='lat' dir='ltr'><strong>Circumfusa</strong></span> <span class='ocrx_word' id='word_1_49' title='bbox 325 1484 384 1563; x_wconf 91' lang='lat' dir='ltr'><strong>sui,</strong></span> <span class='ocrx_word' id='word_1_50' title='bbox 404 1483 594 1563; x_wconf 81' lang='lat' dir='ltr'><strong>‘Nunquam</strong></span> <span class='ocrx_word' id='word_1_51' title='bbox 610 1482 712 1562; x_wconf 90' lang='lat' dir='ltr'><strong>mihi‚&#39;</strong></span> <span class='ocrx_word' id='word_1_52' title='bbox 728 1483 863 1560; x_wconf 87' lang='lat' dir='ltr'><strong>dixerat,</strong></span> <span class='ocrx_word' id='word_1_53' title='bbox 882 1465 967 1547; x_wconf 84' lang='lat' dir='ltr'><strong>‘ullo</strong></span> <span class='ocrx_word' id='word_1_54' title='bbox 1098 1487 1148 1554; x_wconf 70' lang='lat' dir='ltr'><strong>ue</strong></span> 
     </span>
     <span class='ocr_line' id='line_1_11' title="bbox 109 1588 946 1673; baseline -0.004 -19"><span class='ocrx_word' id='word_1_55' title='bbox 109 1591 271 1673; x_wconf 82' lang='lat' dir='ltr'><strong>Tempore</strong></span> <span class='ocrx_word' id='word_1_56' title='bbox 287 1591 364 1653; x_wconf 90' lang='lat' dir='ltr'><strong>dure</strong></span> <span class='ocrx_word' id='word_1_57' title='bbox 381 1602 477 1672; x_wconf 89' lang='lat' dir='ltr'><strong>pater,</strong></span> <span class='ocrx_word' id='word_1_58' title='bbox 495 1607 581 1650; x_wconf 88' lang='lat' dir='ltr'><strong>nunc</strong></span> <span class='ocrx_word' id='word_1_59' title='bbox 597 1589 641 1650; x_wconf 93' lang='lat' dir='ltr'><strong>sis</strong></span> <span class='ocrx_word' id='word_1_60' title='bbox 656 1588 845 1651; x_wconf 89' lang='lat' dir='ltr'><strong>mitissimus</strong></span> <span class='ocrx_word' id='word_1_61' title='bbox 861 1600 946 1671; x_wconf 90' lang='lat' dir='ltr'><strong>opto,</strong></span> 
     </span>
     <span class='ocr_line' id='line_1_12' title="bbox 107 1693 904 1776; baseline -0.005 -17"><span class='ocrx_word' id='word_1_62' title='bbox 107 1694 284 1776; x_wconf 79' lang='lat' dir='ltr'><strong>AEneaeque</strong></span> <span class='ocrx_word' id='word_1_63' title='bbox 300 1715 383 1774; x_wconf 90' lang='lat' dir='ltr'><strong>meo,</strong></span> <span class='ocrx_word' id='word_1_64' title='bbox 401 1695 456 1776; x_wconf 91' lang='lat' dir='ltr'><strong>qui</strong></span> <span class='ocrx_word' id='word_1_65' title='bbox 472 1706 503 1756; x_wconf 89' lang='lat' dir='ltr'><strong>tc</strong></span> <span class='ocrx_word' id='word_1_66' title='bbox 518 1693 559 1756; x_wconf 90' lang='lat' dir='ltr'><strong>de</strong></span> <span class='ocrx_word' id='word_1_67' title='bbox 576 1695 732 1776; x_wconf 88' lang='lat' dir='ltr'><strong>sanguine</strong></span> <span class='ocrx_word' id='word_1_68' title='bbox 748 1705 857 1756; x_wconf 89' lang='lat' dir='ltr'><strong>nostro</strong></span> <span class='ocrx_word' id='word_1_69' title='bbox 901 1737 904 1744; x_wconf 82' lang='lat'>·</span> 
     </span>
     <span class='ocr_line' id='line_1_13' title="bbox 108 1798 1018 1882; baseline -0.001 -20"><span class='ocrx_word' id='word_1_70' title='bbox 108 1799 202 1863; x_wconf 86' lang='lat' dir='ltr'><strong>Fecit</strong></span> <span class='ocrx_word' id='word_1_71' title='bbox 218 1819 326 1879; x_wconf 87' lang='lat' dir='ltr'><strong>avum,</strong></span> <span class='ocrx_word' id='word_1_72' title='bbox 342 1799 491 1880; x_wconf 88' lang='lat' dir='ltr'><strong>quamvis</strong></span> <span class='ocrx_word' id='word_1_73' title='bbox 506 1818 640 1882; x_wconf 85' lang='lat' dir='ltr'><strong>parvum</strong></span> <span class='ocrx_word' id='word_1_74' title='bbox 656 1798 722 1878; x_wconf 88' lang='lat' dir='ltr'><strong>des,</strong></span> <span class='ocrx_word' id='word_1_75' title='bbox 740 1799 870 1881; x_wconf 92' lang='lat' dir='ltr'><strong>optime,</strong></span> <span class='ocrx_word' id='word_1_76' title='bbox 887 1819 1018 1880; x_wconf 87' lang='lat' dir='ltr'><strong>numen,</strong></span> 
     </span>
     <span class='ocr_line' id='line_1_14' title="bbox 108 1904 1030 1986; baseline -0.002 -17"><span class='ocrx_word' id='word_1_77' title='bbox 108 1904 294 1969; x_wconf 88' lang='lat' dir='ltr'><strong>Dummodo</strong></span> <span class='ocrx_word' id='word_1_78' title='bbox 311 1905 367 1968; x_wconf 92' lang='lat' dir='ltr'><strong>des</strong></span> <span class='ocrx_word' id='word_1_79' title='bbox 383 1904 531 1986; x_wconf 84' lang='lat' dir='ltr'><strong>aliquod:</strong></span> <span class='ocrx_word' id='word_1_80' title='bbox 555 1905 631 1967; x_wconf 89' lang='lat' dir='ltr'><strong>satis</strong></span> <span class='ocrx_word' id='word_1_81' title='bbox 647 1917 694 1966; x_wconf 90' lang='lat' dir='ltr'><strong>est</strong></span> <span class='ocrx_word' id='word_1_82' title='bbox 712 1904 883 1967; x_wconf 79' lang='lat' dir='ltr'><strong>inamabile</strong></span> <span class='ocrx_word' id='word_1_83' title='bbox 899 1923 1030 1986; x_wconf 90' lang='lat' dir='ltr'><strong>regnum</strong></span> 
     </span>
     <span class='ocr_line' id='line_1_15' title="bbox 109 2007 1142 2093; baseline 0.001 -21"><span class='ocrx_word' id='word_1_84' title='bbox 109 2010 303 2093; x_wconf 82' lang='lat' dir='ltr'><strong>Adspexisse</strong></span> <span class='ocrx_word' id='word_1_85' title='bbox 319 2010 428 2088; x_wconf 88' lang='lat' dir='ltr'><strong>semel,</strong></span> <span class='ocrx_word' id='word_1_86' title='bbox 448 2009 581 2090; x_wconf 86' lang='lat' dir='ltr'><strong>Stygios</strong></span> <span class='ocrx_word' id='word_1_87' title='bbox 597 2007 695 2070; x_wconf 90' lang='lat' dir='ltr'><strong>semel</strong></span> <span class='ocrx_word' id='word_1_88' title='bbox 711 2007 773 2071; x_wconf 87' lang='lat' dir='ltr'><strong>isse</strong></span> <span class='ocrx_word' id='word_1_89' title='bbox 790 2029 845 2091; x_wconf 92' lang='lat' dir='ltr'><strong>per</strong></span> <span class='ocrx_word' id='word_1_90' title='bbox 859 2011 987 2072; x_wconf 63' lang='lat' dir='ltr'><strong>amnes!</strong></span> <span class='ocrx_word' id='word_1_91' title='bbox 1098 2007 1142 2074; x_wconf 85' lang='lat'><strong>80</strong></span> 
     </span>
     <span class='ocr_line' id='line_1_16' title="bbox 108 2111 803 2194; baseline -0.001 -17"><span class='ocrx_word' id='word_1_92' title='bbox 108 2115 282 2178; x_wconf 74' lang='lat' dir='ltr'><strong>assensere</strong></span> <span class='ocrx_word' id='word_1_93' title='bbox 297 2113 359 2193; x_wconf 85' lang='lat' dir='ltr'><strong>dei,</strong></span> <span class='ocrx_word' id='word_1_94' title='bbox 377 2133 437 2176; x_wconf 88' lang='lat' dir='ltr'><strong>nec</strong></span> <span class='ocrx_word' id='word_1_95' title='bbox 452 2111 574 2192; x_wconf 84' lang='lat' dir='ltr'><strong>conjux</strong></span> <span class='ocrx_word' id='word_1_96' title='bbox 589 2114 677 2194; x_wconf 87' lang='lat' dir='ltr'><strong>regia</strong></span> <span class='ocrx_word' id='word_1_97' title='bbox 692 2114 803 2176; x_wconf 88' lang='lat' dir='ltr'><strong>vultus</strong></span> 
     </span>
     <span class='ocr_line' id='line_1_17' title="bbox 109 2217 811 2300; baseline -0.003 -17"><span class='ocrx_word' id='word_1_98' title='bbox 109 2221 267 2283; x_wconf 87' lang='lat' dir='ltr'><strong>Immotos</strong></span> <span class='ocrx_word' id='word_1_99' title='bbox 283 2218 396 2295; x_wconf 90' lang='lat' dir='ltr'><strong>tenuit,</strong></span> <span class='ocrx_word' id='word_1_100' title='bbox 414 2217 601 2300; x_wconf 86' lang='lat' dir='ltr'><strong>placatoque</strong></span> <span class='ocrx_word' id='word_1_101' title='bbox 618 2219 731 2280; x_wconf 89' lang='lat' dir='ltr'><strong>annuit</strong></span> <span class='ocrx_word' id='word_1_102' title='bbox 748 2239 811 2281; x_wconf 86' lang='lat' dir='ltr'><strong>ore.</strong></span> 
     </span>
     <span class='ocr_line' id='line_1_18' title="bbox 111 2321 960 2406; baseline -0.001 -18"><span class='ocrx_word' id='word_1_103' title='bbox 111 2324 201 2388; x_wconf 79' lang='lat' dir='ltr'><strong>Tum</strong></span> <span class='ocrx_word' id='word_1_104' title='bbox 218 2333 314 2406; x_wconf 87' lang='lat' dir='ltr'><strong>pater,</strong></span> <span class='ocrx_word' id='word_1_105' title='bbox 333 2322 462 2402; x_wconf 88' lang='lat' dir='ltr'><strong>‘Estis,’</strong></span> <span class='ocrx_word' id='word_1_106' title='bbox 478 2323 533 2401; x_wconf 89' lang='lat' dir='ltr'><strong>ait,</strong></span> <span class='ocrx_word' id='word_1_107' title='bbox 553 2321 694 2385; x_wconf 83' lang='lat' dir='ltr'><strong>‘coelesti</strong></span> <span class='ocrx_word' id='word_1_108' title='bbox 710 2341 842 2387; x_wconf 89' lang='lat' dir='ltr'><strong>munere</strong></span> <span class='ocrx_word' id='word_1_109' title='bbox 858 2324 960 2406; x_wconf 87' lang='lat' dir='ltr'><strong>digni,</strong></span> 
     </span>
     <span class='ocr_line' id='line_1_19' title="bbox 111 2424 1148 2514; baseline -0.001 -22"><span class='ocrx_word' id='word_1_110' title='bbox 111 2430 261 2508; x_wconf 79' lang='lat' dir='ltr'><strong>Quaeque</strong></span> <span class='ocrx_word' id='word_1_111' title='bbox 277 2429 368 2510; x_wconf 86' lang='lat' dir='ltr'><strong>petis,</strong></span> <span class='ocrx_word' id='word_1_112' title='bbox 385 2447 440 2508; x_wconf 90' lang='lat' dir='ltr'><strong>pro</strong></span> <span class='ocrx_word' id='word_1_113' title='bbox 456 2445 583 2508; x_wconf 91' lang='lat' dir='ltr'><strong>quoque</strong></span> <span class='ocrx_word' id='word_1_114' title='bbox 599 2428 701 2509; x_wconf 88' lang='lat' dir='ltr'><strong>petis:</strong></span> <span class='ocrx_word' id='word_1_115' title='bbox 725 2447 813 2510; x_wconf 88' lang='lat' dir='ltr'><strong>cape,</strong></span> <span class='ocrx_word' id='word_1_116' title='bbox 830 2441 916 2507; x_wconf 85' lang='lat' dir='ltr'><strong>nata,</strong></span> <span class='ocrx_word' id='word_1_117' title='bbox 929 2425 1017 2510; x_wconf 90' lang='lat' dir='ltr'><strong>quod</strong></span> <span class='ocrx_word' id='word_1_118' title='bbox 1032 2424 1148 2514; x_wconf 63' lang='lat' dir='ltr'><strong>optas!¹</strong></span> 
     </span>
     <span class='ocr_line' id='line_1_20' title="bbox 88 2532 1145 2615; baseline 0 -19"><span class='ocrx_word' id='word_1_119' title='bbox 88 2537 92 2546; x_wconf 88' lang='lat'>&#39;</span> <span class='ocrx_word' id='word_1_120' title='bbox 156 2533 258 2597; x_wconf 81' lang='lat' dir='ltr'><strong>Fatus</strong></span> <span class='ocrx_word' id='word_1_121' title='bbox 273 2544 349 2596; x_wconf 88' lang='lat' dir='ltr'><strong>erat.</strong></span> <span class='ocrx_word' id='word_1_122' title='bbox 396 2533 536 2611; x_wconf 82' lang='lat' dir='ltr'><strong>Gaudet,</strong></span> <span class='ocrx_word' id='word_1_123' title='bbox 553 2542 721 2614; x_wconf 86' lang='lat' dir='ltr'><strong>gratesque</strong></span> <span class='ocrx_word' id='word_1_124' title='bbox 737 2533 804 2614; x_wconf 84' lang='lat' dir='ltr'><strong>agit</strong></span> <span class='ocrx_word' id='word_1_125' title='bbox 820 2532 876 2595; x_wconf 85' lang='lat' dir='ltr'><strong>illa</strong></span> <span class='ocrx_word' id='word_1_126' title='bbox 891 2532 1025 2615; x_wconf 87' lang='lat' dir='ltr'><strong>parenti,</strong></span> <span class='ocrx_word' id='word_1_127' title='bbox 1102 2533 1145 2597; x_wconf 80' lang='lat'><strong>85</strong></span> 
     </span>
     <span class='ocr_line' id='line_1_21' title="bbox 110 2636 898 2720; baseline -0.003 -18"><span class='ocrx_word' id='word_1_128' title='bbox 110 2640 233 2720; x_wconf 89' lang='lat' dir='ltr'><strong>Perque</strong></span> <span class='ocrx_word' id='word_1_129' title='bbox 249 2638 338 2702; x_wconf 87' lang='lat' dir='ltr'><strong>leves</strong></span> <span class='ocrx_word' id='word_1_130' title='bbox 352 2658 445 2701; x_wconf 84' lang='lat' dir='ltr'><strong>auras</strong></span> <span class='ocrx_word' id='word_1_131' title='bbox 457 2636 578 2716; x_wconf 89' lang='lat' dir='ltr'><strong>junctis</strong></span> <span class='ocrx_word' id='word_1_132' title='bbox 594 2638 722 2700; x_wconf 89' lang='lat' dir='ltr'><strong>invecta</strong></span> <span class='ocrx_word' id='word_1_133' title='bbox 736 2637 898 2700; x_wconf 86' lang='lat' dir='ltr'><strong>columbis</strong></span> 
     </span>
     <span class='ocr_line' id='line_1_22' title="bbox 109 2741 943 2826; baseline -0.004 -18"><span class='ocrx_word' id='word_1_134' title='bbox 109 2744 204 2808; x_wconf 88' lang='lat' dir='ltr'><strong>Litus</strong></span> <span class='ocrx_word' id='word_1_135' title='bbox 224 2741 292 2804; x_wconf 87' lang='lat' dir='ltr'><strong>adit</strong></span> <span class='ocrx_word' id='word_1_136' title='bbox 316 2744 468 2821; x_wconf 86' lang='lat' dir='ltr'><strong>Laurens,</strong></span> <span class='ocrx_word' id='word_1_137' title='bbox 485 2741 542 2804; x_wconf 93' lang='lat' dir='ltr'><strong>ubi</strong></span> <span class='ocrx_word' id='word_1_138' title='bbox 558 2753 661 2804; x_wconf 89' lang='lat' dir='ltr'><strong>tectus</strong></span> <span class='ocrx_word' id='word_1_139' title='bbox 674 2742 830 2805; x_wconf 87' lang='lat' dir='ltr'><strong>arundine</strong></span> <span class='ocrx_word' id='word_1_140' title='bbox 846 2743 943 2826; x_wconf 90' lang='lat' dir='ltr'><strong>serpit</strong></span> 
     </span>
     <span class='ocr_line' id='line_1_23' title="bbox 110 2847 847 2912; baseline -0.003 0"><span class='ocrx_word' id='word_1_141' title='bbox 110 2850 149 2912; x_wconf 91' lang='lat' dir='ltr'><strong>In</strong></span> <span class='ocrx_word' id='word_1_142' title='bbox 164 2848 244 2911; x_wconf 86' lang='lat' dir='ltr'><strong>freta</strong></span> <span class='ocrx_word' id='word_1_143' title='bbox 258 2847 420 2911; x_wconf 86' lang='lat' dir='ltr'><strong>flumineis</strong></span> <span class='ocrx_word' id='word_1_144' title='bbox 435 2847 543 2912; x_wconf 88' lang='lat' dir='ltr'><strong>vicina</strong></span> <span class='ocrx_word' id='word_1_145' title='bbox 558 2847 728 2910; x_wconf 89' lang='lat' dir='ltr'><strong>Numicius</strong></span> <span class='ocrx_word' id='word_1_146' title='bbox 743 2848 847 2911; x_wconf 88' lang='lat' dir='ltr'><strong>undis.</strong></span> 
     </span>
     <span class='ocr_line' id='line_1_24' title="bbox 109 2951 948 3034; baseline -0.001 -19"><span class='ocrx_word' id='word_1_147' title='bbox 109 2953 209 3016; x_wconf 88' lang='lat' dir='ltr'><strong>Hunc</strong></span> <span class='ocrx_word' id='word_1_148' title='bbox 223 2951 315 3031; x_wconf 91' lang='lat' dir='ltr'><strong>jubet</strong></span> <span class='ocrx_word' id='word_1_149' title='bbox 330 2951 455 3030; x_wconf 68' lang='lat' dir='ltr'><strong>Enete,</strong></span> <span class='ocrx_word' id='word_1_150' title='bbox 471 2971 671 3034; x_wconf 74' lang='lat' dir='ltr'><strong>quaecunque</strong></span> <span class='ocrx_word' id='word_1_151' title='bbox 688 2952 830 3016; x_wconf 85' lang='lat' dir='ltr'><strong>obnoxia</strong></span> <span class='ocrx_word' id='word_1_152' title='bbox 844 2953 948 3033; x_wconf 91' lang='lat' dir='ltr'><strong>morti,</strong></span> 
     </span>
     <span class='ocr_line' id='line_1_25' title="bbox 109 3057 901 3140; baseline -0.004 -19"><span class='ocrx_word' id='word_1_153' title='bbox 109 3058 261 3138; x_wconf 81' lang='lat' dir='ltr'><strong>Abluere,</strong></span> <span class='ocrx_word' id='word_1_154' title='bbox 278 3069 310 3121; x_wconf 89' lang='lat' dir='ltr'><strong>et</strong></span> <span class='ocrx_word' id='word_1_155' title='bbox 320 3058 425 3122; x_wconf 87' lang='lat' dir='ltr'><strong>tacito</strong></span> <span class='ocrx_word' id='word_1_156' title='bbox 440 3057 561 3123; x_wconf 80' lang='lat' dir='ltr'><strong>deferre</strong></span> <span class='ocrx_word' id='word_1_157' title='bbox 578 3060 637 3121; x_wconf 90' lang='lat' dir='ltr'><strong>sub</strong></span> <span class='ocrx_word' id='word_1_158' title='bbox 653 3077 782 3140; x_wconf 75' lang='lat' dir='ltr'><strong>aequora</strong></span> <span class='ocrx_word' id='word_1_159' title='bbox 797 3076 901 3121; x_wconf 90' lang='lat' dir='ltr'><strong>cursu.</strong></span> 
     </span>
     <span class='ocr_line' id='line_1_26' title="bbox 111 3162 946 3246; baseline -0.002 -19"><span class='ocrx_word' id='word_1_160' title='bbox 111 3163 265 3246; x_wconf 83' lang='lat' dir='ltr'><strong>Corniger</strong></span> <span class='ocrx_word' id='word_1_161' title='bbox 280 3163 467 3244; x_wconf 83' lang='lat' dir='ltr'><strong>exsequitur</strong></span> <span class='ocrx_word' id='word_1_162' title='bbox 483 3164 615 3226; x_wconf 87' lang='lat' dir='ltr'><strong>Veneris</strong></span> <span class='ocrx_word' id='word_1_163' title='bbox 629 3163 789 3243; x_wconf 85' lang='lat' dir='ltr'><strong>mandata,</strong></span> <span class='ocrx_word' id='word_1_164' title='bbox 805 3162 946 3243; x_wconf 89' lang='lat' dir='ltr'><strong>suisque,</strong></span> 
     </span>
     <span class='ocr_line' id='line_1_27' title="bbox 111 3267 904 3351; baseline -0.003 -20"><span class='ocrx_word' id='word_1_165' title='bbox 111 3268 277 3350; x_wconf 77' lang='lat' dir='ltr'><strong>Quicquid</strong></span> <span class='ocrx_word' id='word_1_166' title='bbox 294 3268 327 3331; x_wconf 92' lang='lat' dir='ltr'><strong>in</strong></span> <span class='ocrx_word' id='word_1_167' title='bbox 343 3267 450 3332; x_wconf 73' lang='lat' dir='ltr'><strong>AEned</strong></span> <span class='ocrx_word' id='word_1_168' title='bbox 466 3268 570 3331; x_wconf 86' lang='lat' dir='ltr'><strong>fuerat</strong></span> <span class='ocrx_word' id='word_1_169' title='bbox 585 3267 728 3346; x_wconf 86' lang='lat' dir='ltr'><strong>mortale,</strong></span> <span class='ocrx_word' id='word_1_170' title='bbox 745 3277 904 3351; x_wconf 87' lang='lat' dir='ltr'><strong>repurgat,</strong></span> 
     </span>
     <span class='ocr_line' id='line_1_28' title="bbox 111 3372 884 3470; baseline -0.004 -32"><span class='ocrx_word' id='word_1_171' title='bbox 111 3373 156 3438; x_wconf 83' lang='lat' dir='ltr'><strong>Et</strong></span> <span class='ocrx_word' id='word_1_172' title='bbox 172 3375 324 3457; x_wconf 84' lang='lat' dir='ltr'><strong>respergit</strong></span> <span class='ocrx_word' id='word_1_173' title='bbox 340 3375 430 3470; x_wconf 76' lang='lat' dir='ltr'><strong>aquis</strong></span> <span class='ocrx_word' id='word_1_174' title='bbox 443 3395 452 3455; x_wconf 80' lang='lat'><em>3</em></span> <span class='ocrx_word' id='word_1_175' title='bbox 476 3394 546 3456; x_wconf 87' lang='lat' dir='ltr'><strong>pars</strong></span> <span class='ocrx_word' id='word_1_176' title='bbox 561 3373 683 3456; x_wconf 87' lang='lat' dir='ltr'><strong>optima</strong></span> <span class='ocrx_word' id='word_1_177' title='bbox 697 3373 811 3437; x_wconf 88' lang='lat' dir='ltr'><strong>restitit</strong></span> <span class='ocrx_word' id='word_1_178' title='bbox 827 3372 884 3438; x_wconf 91' lang='lat' dir='ltr'><strong>illi.</strong></span> 
     </span>
     <span class='ocr_line' id='line_1_29' title="bbox 110 3477 943 3562; baseline -0.001 -17"><span class='ocrx_word' id='word_1_179' title='bbox 110 3479 296 3545; x_wconf 86' lang='lat' dir='ltr'><strong>Lustratum</strong></span> <span class='ocrx_word' id='word_1_180' title='bbox 313 3479 452 3562; x_wconf 84' lang='lat' dir='ltr'><strong>genitrix</strong></span> <span class='ocrx_word' id='word_1_181' title='bbox 467 3480 578 3544; x_wconf 87' lang='lat' dir='ltr'><strong>divino</strong></span> <span class='ocrx_word' id='word_1_182' title='bbox 595 3497 710 3561; x_wconf 89' lang='lat' dir='ltr'><strong>corpus</strong></span> <span class='ocrx_word' id='word_1_183' title='bbox 726 3477 821 3542; x_wconf 90' lang='lat' dir='ltr'><strong>odore</strong></span> <span class='ocrx_word' id='word_1_184' title='bbox 938 3539 943 3544; x_wconf 89' lang='lat'><em>.</em></span> 
     </span>
     <span class='ocr_line' id='line_1_30' title="bbox 111 3581 904 3665; baseline -0.005 -15"><span class='ocrx_word' id='word_1_185' title='bbox 111 3585 226 3665; x_wconf 88' lang='lat' dir='ltr'><strong>Unxit,</strong></span> <span class='ocrx_word' id='word_1_186' title='bbox 242 3596 276 3648; x_wconf 91' lang='lat' dir='ltr'><strong>et</strong></span> <span class='ocrx_word' id='word_1_187' title='bbox 290 3585 449 3650; x_wconf 73' lang='lat' dir='ltr'><strong>ambrosii</strong></span> <span class='ocrx_word' id='word_1_188' title='bbox 461 3603 538 3650; x_wconf 89' lang='lat' dir='ltr'><strong>cum</strong></span> <span class='ocrx_word' id='word_1_189' title='bbox 552 3583 641 3650; x_wconf 90' lang='lat' dir='ltr'><strong>dulci</strong></span> <span class='ocrx_word' id='word_1_190' title='bbox 658 3593 784 3648; x_wconf 84' lang='lat' dir='ltr'><strong>nectare</strong></span> <span class='ocrx_word' id='word_1_191' title='bbox 800 3581 904 3648; x_wconf 74' lang='lat' dir='ltr'><strong>mixti</strong></span> 
     </span>
    </p>
   </div>
   <div class='ocr_carea' id='block_1_5' title="bbox 0 0 1330 4178">
    <p class='ocr_par' dir='ltr' id='par_1_5' title="bbox 0 0 1330 4178">
     <span class='ocr_line' id='line_1_31' title="bbox 0 0 1330 4178; baseline 0 0"><span class='ocrx_word' id='word_1_192' title='bbox 0 0 1330 4178; x_wconf 95' lang='lat' dir='ltr'><strong> </strong></span> 
     </span>
    </p>
   </div>
  </div>
 </body>
</html>
