2636 4178
584 287 683 340 nourr
704 279 753 340 1x.'
1139 273 1201 338 103

154 425 226 508 Nee
242 441 360 504 modus
376 454 445 505 est:
469 443 599 506 sorbent
615 445 718 508 avidae
736 445 910 527 praecordia
924 447 1074 529 flammae,
1157 449 1201 513 35

157 549 388 627 Gaeruleusque
403 547 475 609 flun
493 559 560 610 toto
576 549 615 611 de
631 569 761 631 corpore
777 552 883 630 sudor,

164 653 373 731 Ambustique
389 663 505 715 sonant
520 654 631 734 nervi;
654 643 806 735 eae'edque
820 655 974 720 medullis

166 757 255 818 Tabe
271 754 462 837 liquefactis,
481 758 598 822 tollens
619 757 661 822 ad
679 759 783 824 sidera
806 760 936 842 palmas,

166 861 356 939 ‘Cladibus'
373 861 543 940 exclamat,
562 861 744 942 ‘Saturnia²
762 885 889 946 pascere
905 866 1035 945 nostris;

161 964 302 1045 Passum,
319 978 352 1028 et
371 967 454 1029 hane
472 977 593 1048 pestem
609 978 727 1049 specta,
743 970 890 1050 erudelis,
907 972 947 1034 ab
963 972 1039 1052 alto,
1155 971 1198 1036 40

159 1073 285 1151 Corque
301 1069 404 1133 ferum
421 1071 520 1150 satia3
545 1072 597 1134 vel
613 1072 640 1135 si
657 1072 855 1138 miserandus
871 1087 903 1138 et
920 1077 1034 1156 hostis,

156 1175 290 1259 (Hostis
306 1175 394 1238 enim
410 1175 469 1238 tibi
485 1180 574 1264 sum)
590 1177 666 1241 diris
681 1179 874 1243 cruciatibus
889 1200 1009 1264 aegram

155 1283 365 1360 invisamque
382 1281 522 1345 animam
539 1295 710 1364 natamque
727 1285 889 1348 laboribus
904 1286 1003 1350 aufer.

160 1385 250 1448 Mors
264 1385 346 1448 mihi
362 1405 481 1448 munus
496 1388 574 1451 erit:
599 1387 691 1450 decet
708 1389 777 1451 haic
794 1390 868 1452 dare
884 1391 970 1454 dona
984 1411 1165 1454 novercam.

163 1491 252 1572 Ergo
268 1511 326 1572 ego
340 1489 517 1554 foedantem
534 1494 699 1574 peregrino
716 1495 834 1574 templa
849 1515 960 1557 cruore
1154 1495 1197 1558 45

165 1595 294 1658 Busirin
309 1597 425 1676 domui,
442 1615 592 1676 saevoque
609 1597 763 1659 alimenta
778 1599 917 1678 parentis

163 1702 280 1762 Antaeo
295 1701 414 1783 eripui?
439 1721 498 1764 uec
515 1721 567 1764 me
584 1701 716 1783 pastoris
732 1702 817 1765 Iberi

161 1805 281 1868 Forma
296 1806 420 1888 triplex,
438 1827 497 1869 nec
514 1805 617 1868 forma
632 1807 746 1888 triplex
765 1818 830 1886 tua,
848 1808 994 1889 Cerbere‚
1011 1810 1137 1874 movit?

157 1911 273 1987 Vosne,
281 1911 512 1987 manus‚validi
527 1912 685 1993 pressistis
700 1932 820 1976 cornua
835 1914 938 1976 tauri?

157 2016 307 2078 Vestrum
325 2035 405 2098 opus
418 2016 489 2078 Elis
500 2018 607 2096 habet,
617 2031 759 2080 vestrum
774 2018 1016 2100 Stymphalides
1028 2020 1135 2102 undae,
1154 2022 1196 2084 50

160 2120 430 2200 Partheniumque
447 2123 583 2184 nemus?
606 2123 711 2186 vestri
727 2124 845 2186 virtute
861 2124 980 2187 relatus

160 2225 456 2289 Thermodontiaco
472 2227 604 2290 eaelatus
620 2228 745 2290 balteus
760 2249 847 2308 auro,

156 2331 321 2412 Pomaque
337 2333 377 2394 ab
394 2332 533 2394 insomni
549 2351 614 2394 non
630 2333 791 2396 custodita
806 2334 965 2396 dracone?

155 2435 225 2499 Nec
241 2437 323 2499 mihi
339 2437 491 2499 Centauri
507 2438 637 2520 potuere
653 2439 808 2516 resistere,
826 2458 886 2500 nee
904 2437 948 2501 mi

161 2542 305 2604 Areadiae
322 2553 462 2605 vastator
477 2563 570 2624 aper;
595 2562 654 2603 nee
671 2541 789 2624 profuit
806 2541 929 2621 Hydrae
1153 2543 1196 2606 55

160 2647 308 2710 Crescere
325 2669 380 2729 per
393 2647 548 2710 damnum
565 2647 771 2730 geminasque
788 2666 947 2708 resumere
965 2647 1070 2708 vires?

158 2752 262 2830 Quid,
279 2754 365 2832 qudd
383 2754 520 2815 Thracis
537 2772 645 2832 equos,
663 2751 807 2814 humano
823 2751 979 2832 sanguiue
996 2751 1142 2834 pingues,

157 2856 320 2937 Plenaque
336 2858 519 2940 corporibus
534 2857 646 2920 laceris
661 2858 813 2939 praesepia
829 2856 905 2934 vidi,

158 2961 297 3043 Visaque
313 2961 425 3042 dejeci,
443 2961 675 3042 dominumque
686 2947 840 3044 'ipsosque
856 2963 1002 3044 peremi?

160 3065 221 3129 His
236 3067 317 3129 elisa
327 3066 414 3146 jacet
429 3067 532 3130 moles
547 3066 698 3130 Nemeaea
713 3067 847 3146 iacentia,
1153 3067 1196 3129 60

160 3169 230 3235 Hae
246 3172 364 3234 coelum
379 3173 505 3236 cervice
522 3172 591 3235 tuli.
637 3171 772 3234 Defessa
783 3171 927 3250 jubendo
944 3183 992 3234 est
1185 3161 1187 3166 ’

158 3276 257 3339 Saeva
270 3277 361 3340 Jovis
376 3274 517 3357 eonjux3
541 3297 603 3360 ego
619 3297 689 3340 sum
706 3276 885 3339 indefessus
901 3276 1036 3358 agendo.

156 3380 225 3444 Sed
242 3401 328 3444 nova
344 3383 442 3464 pestis
456 3381 557 3461 adest,
574 3382 628 3444 eui
644 3401 704 3444 nee
720 3382 839 3444 virtute
855 3380 961 3443 resisti
994 3415 996 3418 ·

154 3485 224 3550 Nee
241 3487 314 3550 telis
329 3487 466 3550 armisve
484 3498 596 3569 potest.
643 3486 857 3548 Pulmonibus
873 3505 954 3548 errat

155 3591 248 3676 ignis
263 3591 347 3655 edax
362 3592 446 3672 imis,
463 3611 579 3675 perque
596 3611 709 3655 omnes
725 3592 865 3674 pascitur
879 3600 966 3652 artus
1152 3585 1197 3652 ’65
