2646 4176
419 259 428 274 ·
506 265 511 270 ·
608 240 708 292 BOOK
729 243 766 294 tt

170 399 276 480 Inque
295 395 398 460 oculis
414 406 551 476 tautum,
568 407 694 460 tantum
709 417 803 480 super
818 417 873 462 ora
888 397 1017 464 sevitie.

174 505 286 567 Hosne
302 502 386 565 mihi
401 499 534 581 fructus,
551 501 637 565 huuc
653 500 826 566 fertilitatis
842 503 997 568 honorem

177 608 342 688 Officiique
358 605 467 684 refers,
483 605 568 688 qudd
583 605 701 672 adunci
717 608 853 670 vulnera
866 609 959 672 aratri
1144 609 1211 674 286

176 716 423 794 Rastrorumque
438 710 517 792 fero,
533 721 664 793 totoque
680 733 830 806 exprceor
844 716 952 778 anno?

102 889 112 896 ‚
151 887 155 896 ,
176 819 274 888 Qudd
290 817 396 902 pecori
412 816 550 896 frondes,
566 817 781 899 alimentaque
797 820 898 898 mitia,
916 818 1032 902 fruges,

174 925 329 988 Humano
345 923 464 1005 generi,
480 921 573 986 vobis
588 923 714 1004 qudque
733 934 802 986 tura
819 923 991 988 ministro?

173 1030 239 1093 Sed
256 1039 366 1091 tamen
381 1027 518 1090 exitium
534 1026 587 1090 fac
603 1047 655 1090 me
672 1027 843 1092 meruisse:
867 1028 944 1110 quid
960 1028 1068 1108 uudae,

171 1133 268 1201 Quid
283 1133 400 1198 meruit
415 1131 533 1195 frater?
579 1135 644 1196 Our
659 1133 706 1195 illi
721 1132 836 1196 tradita
851 1145 935 1198 sorte
1144 1135 1211 1200 290

168 1239 316 1319 AEquora
330 1235 528 1313 decrescunt,
545 1248 578 1300 et
594 1237 634 1298 ab
651 1238 769 1300 aethere
786 1238 912 1322 lougiris
927 1240 1069 1304 absunt?

171 1341 274 1411 Quod
289 1343 317 1406 si
333 1361 392 1404 nec
408 1341 520 1420 fratria,
537 1360 597 1406 neo
613 1352 644 1404 te
661 1361 733 1404 mee
748 1345 854 1425 gratia'
864 1345 977 1426 tangit,

177 1451 219 1510 At
235 1447 307 1509 coeli
322 1449 470 1510 miserere
487 1447 544 1510 tui.
592 1447 811 1529 Circumspice
827 1459 1018 1529 utrumqu03

180 1550 300 1612 Fumat
313 1539 441 1632 uterque
458 1549 549 1632 polus
562 1569 571 1628 ;
596 1567 676 1630 quos
691 1549 718 1612 si
735 1549 902 1613 violaverit
917 1550 1011 1632 ignis,

180 1655 269 1718 Atria
284 1666 382 1718 vestra
395 1666 499 1718 ruent.
546 1655 637 1718 Atlas
652 1673 694 1715 en
712 1655 777 1737 ipsc
793 1654 924 1732 laborat,
1143 1656 1211 1720 29⁵

178 1760 301 1840 Vixque
316 1761 381 1824 ruis
397 1760 539 1824 humeris
554 1759 747 1826 candentem
763 1761 899 1842 sustinet
913 1779 1019 1824 axem.

171 1865 209 1929 Si
224 1864 317 1944 freta,
333 1865 361 1928 si
376 1876 467 1930 terrie
482 1877 625 1948 pereunt,
642 1867 668 1929 si
684 1866 772 1950 regia
786 1866 870 1944 eceli,

170 1973 209 2036 ln
225 1973 327 2034 chaos
342 1969 510 2052 antiquum
525 1969 761 2034 confundimur.
811 1971 906 2055 Eripe
921 1960 1068 2051 flammis,
1176 2001 1179 2008 ·

172 2077 209 2142 Si
224 2075 305 2159 quid
320 2075 426 2139 adhuc
443 2085 595 2158 superest,
612 2086 644 2139 et
660 2097 766 2140 rerum
781 2077 913 2140 consule
929 2079 1088 2142 summm)

171 2182 308 2246 Dixerat
321 2182 392 2246 haec
409 2175 545 2244 Tellus:
569 2201 672 2262 neque
688 2183 777 2244 enim
793 2182 924 2246 tolerare
940 2200 1092 2267 vaporem
1144 2181 1211 2246 300

170 2287 312 2354 Ulterius
327 2287 440 2370 potuit,
457 2305 517 2350 nec
533 2285 637 2349 dicere
654 2287 744 2370 plura
754 2308 762 2366 ;
786 2303 944 2366 suumque

170 2391 300 2456 Retulit
315 2411 351 2454 os
366 2391 400 2454 in
416 2411 449 2454 aa
465 2391 671 2473 propioraque
689 2391 839 2454 Manibus
854 2401 953 2454 antra

497 2665 609 2708 oraru
633 2664 673 2706 or
697 2643 884 2706 ruriiruort.

215 2826 259 2888 At
276 2835 364 2907 pater
380 2824 584 2906 omnipotens
598 2839 729 2904 superos
746 2829 881 2883 testatus
893 2819 929 2883 “et
945 2821 1061 2904 ipsum,

164 2931 245 2999 Qui
260 2929 390 2992 dederat
406 2947 526 3006 currus,
543 2928 607 2990 nisi
622 2945 718 3008 opem
733 2924 824 3004 ferat,
842 2927 953 2989 omnia
967 2925 1033 2992 sato

171 3036 347 3099 lnteritura
362 3033 462 3114 gravi,
479 3034 643 3096 summam
654 3031 733 3113 petit
748 3031 868 3094 arduus
882 3051 998 3111 arcem,
1037 3086 1039 3096 ,
1145 3032 1211 3096 305

171 3138 267 3204 Unde
285 3137 365 3200 solet
381 3137 485 3200 nubes
499 3136 571 3199 latis
588 3136 738 3202 inducere
755 3137 855 3216 terris,

168 3242 267 3318 Unda
285 3251 395 3302 movet
412 3239 559 3318 tonitrus,
575 3239 761 3322 vibrataque
777 3221 917 3303 fulmina
927 3235 1038 3319 jactat

168 3347 240 3412 Sed
255 3365 371 3426 neque,
386 3363 467 3428 quas
481 3353 587 3428 posset
602 3345 692 3406 terris
708 3344 869 3424 inducere,
888 3345 990 3407 nubes

165 3451 271 3516 Tunc
287 3451 413 3530 habuit,
428 3467 488 3512 neo
504 3469 583 3531 quos
599 3448 682 3511 coelo
703 3449 888 3528 dimitteret,
904 3449 1031 3513 imbres

161 3559 314 3634 Intonat,
331 3568 364 3618 et
380 3555 495 3620 dextri
508 3555 660 3635 libratum
674 3551 800 3618 fulmen
815 3554 855 3618 ab
872 3544 946 3618 aur'e
1146 3551 1212 3616 310

159 3663 261 3731 Misit
277 3662 312 3726 iu
328 3662 484 3746 aurigam,
500 3659 678 3744 pariterque
694 3659 865 3740 animique
881 3659 1020 3740 rotisque

481 3766 503 3829 4
561 3771 564 3780 .
