2636 4178
116 255 198 320 ’164
415 276 534 329 ouras
554 275 873 330 urrruomuosrrs.

131 434 265 498 Munere
280 452 380 516 regna
394 434 488 516 capit,
505 431 657 514 festisque
672 431 827 496 Palilibus
842 431 931 497 urbis
1105 433 1167 498 lat

131 539 254 603 Moenia
268 537 459 602 conduntur.
507 537 688 618 Tatiusque
704 547 871 620 patresque
889 539 1003 603 Sabini

131 644 221 707 Bella
237 654 351 726 gerunt
364 663 372 723 ;
396 641 538 724 arcisque
553 641 609 705 vid
626 642 766 726 Tarpeia
778 644 902 706 reclusi

131 750 241 832 Digni
255 749 394 811 animam
411 747 506 830 poeni
520 748 681 830 congestis
696 749 785 812 exuit
801 749 905 811 armis.

131 855 210 917 Inde
227 854 287 917 sati
303 853 441 917 Curibus
457 852 624 916 tacitorum
641 872 729 915 more
744 851 892 936 luporum

132 961 193 1022 Ore
210 969 357 1042 premunt
373 977 478 1036 voces,
495 968 528 1020 et
543 977 674 1040 corpora
688 958 775 1020 vieta
790 979 900 1041 sopore
1104 958 1168 1022 130

132 1064 304 1143 Invadunt,
321 1071 488 1146 portasque
505 1072 628 1144 petunt,
644 1081 722 1142 quas
737 1061 842 1142 objice
858 1062 951 1126 firmo

132 1169 295 1231 Clauserat
312 1166 438 1230 Iliades.
486 1168 592 1232 Unam
607 1177 715 1230 tamen·
732 1167 800 1249 ipsa
814 1167 952 1246 reclusit,
984 1175 988 1180 '

131 1275 198 1337 Nec
215 1273 381 1355 strepitum
397 1292 488 1335 verso
506 1271 656 1335 Saturnia
670 1271 798 1335 cardine
813 1272 900 1336 fecit.

134 1377 211 1440 Sola
227 1377 336 1444 Venus
352 1388 448 1460 portae
464 1375 617 1439 cecidisse
633 1376 784 1459 repagula
799 1378 908 1456 sensit,

122 1483 177 1545 'Et
194 1483 341 1546 clausura
355 1480 428 1561 fuit,
445 1481 507 1544 nisi
524 1480 610 1563 qudd
625 1481 802 1545 rescindere
819 1501 985 1562 nunquam
1107 1482 1170 1545 136

132 1587 191 1650 Dis
207 1588 283 1650 licet
298 1597 369 1666 acta
383 1586 490 1653 defim·
536 1587 619 1650 Jauo
634 1585 707 1648 loca
716 1583 831 1665 juncta
846 1588 998 1650 tenebant

131 1691 250 1755 Naides
266 1692 419 1755 Ausoniae
436 1689 543 1774 gelido
558 1691 697 1754 rorantia
713 1690 814 1753 fonte.

131 1797 201 1860 Has
216 1808 307 1878 rogat
322 1795 490 1876 auxilium,
506 1814 566 1858 nec
582 1797 735 1878 nymphae
748 1794 836 1875 justa
851 1807 1011 1878 petentem

133 1900 321 1964 Sustinuere
337 1901 441 1980 deam,
457 1919 618 1981 venasque
635 1911 668 1963 et
683 1900 819 1963 flumina
834 1900 933 1965 fontis

133 2005 280 2068 Elicuire
297 2005 356 2066 sui.
403 2003 555 2067 Nondum
571 2015 679 2068 tamen
695 2004 872 2068 inviaJani
953 2081 957 2088 Ι
1102 1999 1167 2064 140

132 2110 195 2172 Ora
211 2109 347 2191 putentis
362 2119 461 2187 eraut,
477 2128 581 2190 neque
598 2107 657 2172 iter
672 2109 875 2191 praeluserat
889 2107 994 2172 unda:

132 2213 252 2277 Lurida
266 2224 450 2296 supponunt
465 2211 606 2278 fecundo
621 2212 744 2277 sulfura
758 2213 851 2293 fonti,

132 2318 377 2399 Incenduntqne
392 2337 488 2380 cavas
503 2316 647 2381 fumante
663 2318 822 2384 bitumine
839 2337 947 2381 venas.

132 2423 262 2487 Viribus
277 2423 328 2486 his
342 2421 476 2503 aliisque
493 2442 590 2506 vapor
604 2425 781 2506 penetravit
797 2421 837 2485 ad
854 2423 921 2486 ima

132 2526 268 2607 Fontis3
292 2537 324 2590 et
340 2526 459 2610 Alpino
474 2527 571 2591 modd
586 2547 658 2609 quoe
673 2539 793 2592 certare
808 2528 905 2610 rigori
1107 2519 1168 2586 146

131 2632 310 2697 Audebatis
325 2651 427 2713 aquae,
444 2651 509 2696 non
525 2631 639 2697 ceditis
654 2631 785 2715 ignibus
800 2633 886 2715 ipsis.

62 2755 65 2758 ·
132 2735 343 2802 Flammifera
356 2737 480 2819 gemini
494 2735 620 2800 fumant
636 2737 825 2820 adspergine
842 2746 958 2819 postes,

132 2841 290 2922 Partaque
307 2843 520 2923 nequicquam
536 2841 646 2923 rigidis
662 2843 815 2925 permissa
830 2839 960 2902 Sabinis

133 2945 239 3008 Fonte
257 2944 318 3008 suit
334 2955 518 3027 praestructa
533 2965 627 3026 novo,
642 2945 721 3010 dum
738 2947 871 3008 Martius
886 2963 975 3006 arma

132 3050 285 3113 indueret
301 3050 402 3112 miles.
451 3050 538 3117 Quae
555 3063 722 3134 postquam
737 3048 899 3112 Romulus
915 3047 999 3110 ultro
1106 3045 1172 3106 150

133 3154 267 3233 Obtulit,
283 3166 316 3217 et
331 3165 429 3217 strata
442 3166 491 3217 est
506 3155 601 3220 tellus
617 3155 766 3219 Romana
782 3152 912 3217 Sabinis

132 3259 335 3342 Corporibus,
352 3271 447 3322 strata
462 3271 571 3339 estque
587 3259 662 3337 suis,
680 3259 852 3341 generique
868 3273 1014 3320 cruorem

134 3364 299 3446 Sanguine
315 3383 391 3426 cum
406 3365 505 3426 soceri
522 3364 706 3446 permiscuit
722 3363 841 3446 impius
856 3361 961 3441 ensis3

114 3519 117 3526 .
132 3469 215 3532 Pace
232 3480 339 3531 tamen
355 3467 424 3531 sisti
440 3467 570 3548 bellum,
587 3487 646 3530 nec
663 3469 697 3530 in
713 3467 828 3532 ultima
842 3465 925 3530 ferro
953 3537 962 3544 ι

133 3573 300 3638 Decertare
317 3571 429 3654 placet,
448 3572 646 3655 Tatiumque
662 3573 813 3637 accedere
829 3589 939 3654 regno.
1111 3567 1174 3628 155

177 3676 344 3738 Occiderat
361 3675 488 3755 Tatius,
505 3677 691 3759 populisque
708 3688 835 3758 aequata
848 3674 989 3738 duobus.
