2636 4178
609 281 707 332 BOOK
728 281 804 332 VIII.

184 441 264 506 Inde
281 438 356 503 foco
369 433 518 521 'tepidum
533 439 673 501 cinerem
689 437 836 518 dimovit,
853 447 885 500 et
902 439 994 521 ignes

187 549 331 612 Suscitat
350 546 528 622 hesternos,
545 543 693 623 foliisque
708 556 740 607 et
757 546 874 608 cortice
891 545 977 609 sicco

189 652 301 730 Nutrit,
315 663 348 713 et
364 649 406 713 ad
421 650 566 712 flammas
580 650 689 713 anime
705 649 848 731 producit
864 650 960 729 anili;

192 755 430 836 Multifidasque
446 753 541 833 faces,
557 755 749 836 ramaliaque
766 755 857 817 arida
869 765 954 818 tecto

88 869 91 874 '
192 861 324 940 Detulit,
343 874 374 924 et
391 861 519 938 minuit,
536 879 696 941 parvoque
712 859 855 923 admovit
870 862 985 923 aheno.

190 966 351 1046 Quodque
368 985 445 1028 suus
460 963 580 1043 conjux
596 965 688 1046 riguo
703 965 874 1046 collegerat
891 965 996 1044 horto,

188 1072 335 1135 Tmncat
352 1071 422 1133 olus
437 1067 532 1132 foliis.
579 1069 786 1133 Furcblevat
802 1069 855 1135 ille
871 1071 995 1133 bicorni
1161 1071 1224 1134 105

184 1175 324 1240 Sordida
339 1186 428 1257 terga
442 1175 519 1254 suis,
535 1175 627 1256 nigro
643 1174 816 1257 pendentia
831 1177 932 1258 tigno,

184 1283 386 1361 Servatoque
402 1280 458 1342 diu
473 1292 594 1344 resecat
610 1280 649 1342 de
667 1292 788 1362 tergore
806 1293 926 1364 partem

186 1387 362 1468 Exiguam,
379 1397 562 1466 sectamque
578 1385 688 1448 domat
704 1384 900 1449 ferventibus
916 1386 1020 1448 undis.

234 1491 358 1554 Interea
371 1489 494 1553 medias
510 1488 626 1552 fallunt
642 1490 842 1552 sermonibus
858 1491 961 1568 horas,

195 1595 370 1675 sentirique
386 1615 509 1658 moram
525 1594 704 1678 prohibent.
754 1594 830 1656 Erat
846 1594 957 1658 alveus
973 1594 1037 1656 illic
1160 1594 1222 1657 110

146 1777 149 1784 ’
192 1699 353 1782 Fagineus
366 1701 447 1764 duni
461 1700 553 1764 olavo
569 1719 742 1782 suspensus
757 1700 798 1761 ab
814 1699 911 1762 ansa:

191 1805 221 1867 ls
237 1805 349 1886 tepidis
364 1803 513 1888 impletur
527 1805 628 1887 aquis,
644 1814 792 1885 artusque
809 1803 966 1867 fovendos

183 1910 323 1992 Accipit.
370 1911 409 1974 In
425 1910 532 1974 medio
549 1923 636 1973 torus
650 1922 699 1972 est
714 1910 754 1972 de
773 1909 924 1972 mollibus
940 1908 1033 1990 ulvis,

183 2016 359 2098 Impositos
374 2015 467 2093 lecto,
485 2014 608 2097 spondi
622 2015 820 2098 pedibusque
837 2015 978 2097 salignis.

184 2121 337 2184 Vestibus
353 2122 440 2183 hunc
456 2121 574 2199 velant,
591 2141 671 2202 quas
686 2140 750 2183 non
768 2120 830 2184 nisi
846 2132 988 2204 tempore
1005 2119 1088 2184 festo
1160 2119 1221 2182 115

186 2225 335 2289 Sternere
350 2228 550 2306 consuerant,
567 2226 620 2288 sed
638 2239 670 2289 et
686 2227 757 2290 haec
776 2226 910 2307 vilisque
926 2236 1083 2308 vetusque

183 2331 291 2394 Vestis
307 2341 383 2410 erat,
401 2331 484 2394 lecto
501 2350 565 2394 non
582 2331 780 2414 indignanda
795 2332 927 2413 saligno.

184 2435 375 2499 Accubuere
390 2436 451 2498 dei.
499 2437 643 2499 Mensam
661 2438 826 2499 succincta
842 2447 1042 2516 tremensque

169 2539 281 2602 Ponit
297 2560 396 2619 anus;
421 2561 539 2604 mensae
556 2540 612 2602 sed
628 2553 693 2602 erat
710 2559 765 2618 pes
782 2540 893 2604 tertius
909 2540 1027 2620 impar:
1109 2528 1112 2539 '

186 2645 291 2708 Testa
306 2665 413 2727 parem
429 2645 515 2709 fecit.
564 2647 649 2714 Quae
667 2655 836 2725 postquam
852 2644 981 2706 subdita
995 2643 1116 2706 clivum
1158 2644 1219 2707 120

186 2749 336 2826 Sustulit,
353 2762 509 2830 aequatam
527 2763 644 2812 mentae
661 2750 776 2812 tersere
790 2749 938 2811 virentes.

186 2855 320 2918 Ponitur
336 2855 390 2919 hic
407 2856 527 2918 bicolor
543 2857 674 2918 sincerae
688 2855 786 2917 bacca
803 2853 968 2933 Minervae,
996 2911 1003 2924 ,

185 2960 386 3039 Conditaqne
403 2963 435 3022 in
451 2959 573 3040 liquida
590 2980 686 3023 corna
700 2959 898 3022 autumnalia
914 2958 1004 3038 saece,

185 3065 365 3145 Intubaque
381 3077 413 3127 ct
429 3064 519 3128 radix
535 3077 567 3127 et
583 3064 795 3128 lactis-massa
810 3067 923 3144 coacti,

184 3169 318 3249 Ovaque
334 3189 399 3233 non
415 3170 479 3232 acri
494 3169 606 3232 leviter
621 3181 745 3232 versata
760 3169 888 3249 favillis,
1158 3169 1219 3232 125

184 3273 304 3336 Omnia
319 3274 480 3336 fictilibus.
528 3274 604 3336 Post
623 3276 691 3336 baec
708 3275 839 3337 caelatus
855 3273 970 3336 eodem

184 3377 317 3442 Sistitur
331 3390 463 3461 argento
478 3388 588 3457 crater,
605 3376 820 3459 fabricataque
836 3377 910 3460 sago

182 3483 315 3561 Pocula,
332 3485 395 3564 qui
409 3503 489 3546 cava
504 3495 587 3562 sunt,
604 3484 799 3547 flaventibus
815 3483 895 3546 illita
909 3483 998 3546 ceris.

230 3587 332 3651 Parva
347 3608 435 3650 mora
450 3598 508 3665 est,
525 3587 698 3669 epulasque
714 3586 780 3650 foci
795 3588 908 3651 misere
923 3588 1087 3669 calentes;

184 3691 254 3755 Nec
271 3693 375 3775 longa·
391 3711 498 3756 rursus
514 3690 693 3756 referuntur
708 3693 785 3755 vina
799 3703 947 3773 senectae,
1159 3691 1220 3754 130
