2636 4178
457 623 458 626 Ὺ
558 665 708 731 Boon
746 665 825 732 x1.

482 942 570 1015 ,ΤΗΣ
593 942 678 986 wtsu
701 943 741 986 ot·
764 943 871 987 fflDAS.

632 1099 662 1142 v.
687 1077 740 1142 89.

166 1201 280 1279 Hunc,
298 1209 426 1263 assueta
440 1199 565 1278 cohors,
584 1199 692 1282 Satyri
708 1201 906 1283 Bacehaeque
922 1200 1135 1284 frequentant,

167 1311 211 1370 At
229 1306 361 1369 Silenus
376 1304 474 1367 abest.
522 1303 737 1370 'I'itubantem
752 1307 907 1388 annisque
922 1327 1074 1390 meroque

171 1410 332 1474 Ruricolae
348 1411 459 1492 cepere
476 1409 630 1493 Phryges,
647 1405 857 1491 vinctumque
873 1415 999 1476 coronis

176 1515 227 1578 Ad
243 1535 348 1596 regem
363 1515 482 1578 duxere
499 1513 621 1594 Midan,
632 1516 688 1578 cui
705 1515 866 1579 Thracius
882 1516 1028 1600 Orpheus

178 1619 276 1700 Orgia
290 1619 452 1682 tradiderat
468 1639 544 1682 cum
560 1619 715 1702 Cecropio
732 1620 902 1702 Eumolpo.
1021 1685 1029 1702 ,
1183 1625 1205 1686 5

176 1724 247 1794 Qut
262 1724 351 1787 simul
368 1725 500 1806 agnovit
515 1726 638 1788 socium
656 1725 870 1806 comitemque
886 1745 1056 1808 sacrorum,

171 1830 318 1912 Hospitis
332 1829 475 1892 adventu
490 1828 609 1892 festum
625 1831 793 1913 genialiter
807 1831 874 1912 egit

168 1935 229 1999 Per
246 1935 295 1997 bis
310 1935 450 2014 quinque
467 1933 536 1997 dies
551 1946 584 1997 et
597 1933 727 2013 junctas
743 1935 853 1998 ordine
869 1948 990 2000 noctes.

213 2041 258 2106 Et
270 2038 337 2122 jam
355 2039 517 2106 stellarrun
534 2039 670 2104 sublime
686 2043 833 2123 coegerat
848 2061 967 2125 agmen
1197 2129 1198 2132 Ἴ

171 2147 300 2210 Lucifer
316 2146 516 2224 undecimus,
533 2146 644 2228 Lydos
659 2146 733 2211 edm
750 2147 843 2211 laetus
859 2148 891 2211 in
907 2168 1000 2231 agros
1166 2147 1206 2211 10

170 2252 244 2316 Rex
261 2253 362 2332 venit,
378 2265 410 2316 et
423 2251 538 2332 juveni
555 2252 702 2316 Silenum
718 2253 820 2316 reddit
836 2253 977 2316 alumno.

118 2370 122 2375 ’
169 2359 259 2422 Huic
276 2358 355 2421 dens
370 2357 501 2440 optandi
517 2369 653 2440 gratum,
670 2357 726 2421 sed
743 2358 868 2450 inutile,
885 2357 962 2420 fecit

169 2463 314 2526 Muneris
328 2463 502 2543 arbitrium,
520 2463 664 2546 gaudens
679 2462 776 2525 altore
793 2474 929 2545 recepto.

171 2565 239 2646 Ille,
256 2568 339 2630 male
356 2587 471 2631 usurus
485 2568 588 2646 donis,
606 2567 660 2644 ait,
680 2565 815 2645 ‘Effice
832 2565 985 2646 quiequid

172 2673 311 2754 Corpore
327 2675 501 2755 contigero,
519 2672 645 2735 fulvum
662 2682 802 2734 vertatur
818 2671 852 2732 in
868 2671 1003 2733 aurum)
1166 2670 1207 2732 15

170 2779 295 2840 Annuit
311 2780 435 2860 optatis,
452 2779 659 2858 nocituraque
675 2796 809 2838 munera
823 2775 918 2838 solvit

170 2882 278 2961 Liber,
295 2896 327 2946 et
344 2883 490 2961 indoluit,
508 2881 592 2962 qubd
609 2901 674 2945 non
690 2881 822 2944 meliora
837 2879 976 2964 petisset.

216 2986 326 3050 Laetus
341 2988 417 3067 abit,
434 2987 615 3070 gaudetque
631 2987 715 3049 malo
733 2987 943 3068 Berecyntius
959 2987 1061 3066 heros,
1097 3029 1099 3034 -

173 3090 374 3173 Pollicitique
392 3092 490 3156 fidem
506 3091 668 3174 tangendo
684 3091 811 3174 singula
827 3103 938 3155 tentat.

174 3196 297 3277 Vixque
314 3198 375 3260 sibi
391 3197 533 3276 credens,
551 3216 615 3259 non
631 3197 697 3261 alta
712 3195 823 3260 fronde
838 3197 998 3261 virentem
1162 3193 1208 3259 20

170 3301 249 3366 Ilico
266 3302 402 3365 detraxit
419 3302 563 3384 virgam:
588 3302 679 3383 virga
693 3321 789 3364 aurea
804 3299 889 3364 facta
904 3311 951 3364 est
965 3321 973 3380 ;
1032 3351 1033 3356 1

171 3406 279 3471 Tollit
297 3408 396 3468 humo
412 3427 545 3470 saxum:
570 3426 685 3470 saxum
701 3408 827 3487 qndque
843 3406 955 3488 palluit
970 3425 1057 3468 auro.

167 3512 317 3592 Contigit
333 3511 371 3573 et'
381 3512 527 3593 glebam:
551 3523 701 3575 contactu
717 3511 812 3594 gleba
827 3509 950 3592 potenti

168 3617 279 3681 Massa
294 3617 330 3678 fit
344 3637 364 3702 ;1
375 3628 500 3678 arentes
516 3617 639 3680 Oereris
654 3602 811 3697 decerpsit
828 3615 956 3678 aristas:

169 3725 278 3786 Aurea
294 3723 406 3784 messis
421 3732 507 3800 erat3
532 3719 699 3804 demptum
715 3730 803 3784 tenet
819 3721 927 3782 arbore
944 3737 1096 3803 pomum:
1163 3719 1209 3783 25
