2636 4178
550 293 650 345 soors
671 293 731 346 xv.
1121 269 1184 336 16⁹

142 452 338 535 Imponique
354 469 421 512 suae
435 448 525 513 videt
540 449 624 512 inter
638 466 759 512 cornua
773 447 880 529 fronti,

143 557 238 626 Quas
253 555 366 635 coluit,
382 553 510 637 frnges3
534 573 745 637 percussaque
760 555 917 638 sanguine
932 553 1052 618 cultros
1140 552 1184 616 76

146 661 255 724 inficit
271 661 306 724 in
322 659 446 740 liquida
460 661 612 743 praevisus
626 657 760 722 forsitan
775 659 872 723 undu.

149 765 296 828 Protinus
311 776 434 848 ereptas
450 764 574 827 viventi
589 784 717 847 corpore
734 764 829 830 fibras

151 870 337 952 inspiciunt,
354 879 541 950 mentesque
555 867 653 932 derim
668 880 849 934 scrutantur
864 871 898 934 iu
913 869 986 934 illis.

151 973 245 1038 Unde
259 973 360 1037 fames
375 974 501 1038 homini
516 974 688 1038 vetitorum
704 985 794 1038 tanta
807 975 976 1040 ciborum?

146 1079 284 1143 Audetis
299 1079 396 1158 vesei,
413 1098 515 1160 genus
531 1099 551 1140 o
566 1079 722 1142 mortale?
745 1078 840 1160 quod,
858 1099 923 1161 oro,
1141 1080 1185 1144 80

142 1184 194 1248 Ne
211 1182 319 1262 facite,
334 1195 368 1246 et
382 1184 514 1247 monitis
528 1185 654 1248 animos
669 1185 825 1248 advertite
841 1187 976 1266 nostris;

142 1290 292 1370 Cumque
308 1288 406 1352 boum
422 1289 538 1352 dabitis
552 1308 708 1354 eaesorum
723 1290 867 1354 membra
882 1291 997 1373 palato,

145 1394 300 1457 Mandere
315 1411 375 1456 vos
390 1405 511 1457 vestros
526 1395 605 1457 scite
620 1404 653 1456 et
668 1395 783 1458 sentite
798 1395 939 1459 colonos.

195 1499 238 1562 Et
252 1499 404 1579 quoniam
420 1499 500 1562 deus
515 1519 569 1562 ora
584 1509 703 1578 movet,
720 1517 833 1579 sequar
847 1518 903 1562 ora
917 1509 1103 1564 moventem

151 1602 228 1667 ane
243 1603 349 1684 deum,
365 1603 571 1686 Delphosque
588 1623 677 1666 meos
693 1603 860 1686 ipsumque
877 1603 1041 1668 recludam
1140 1603 1185 1666 85

151 1707 290 1786 AEthera,
306 1719 340 1772 et
355 1719 500 1790 augustae
517 1709 660 1772 reserabo
677 1707 806 1770 oracula
820 1709 946 1772 mentis.
1033 1727 1037 1734 ’

149 1813 276 1895 Magna,
293 1833 354 1877 nee
369 1813 509 1896 ingeniis
522 1813 701 1896 euestigata
716 1811 865 1896 priorum,

147 1918 299 2000 Quaeque
314 1917 372 1982 diu
386 1919 516 1998 latuere,
532 1938 656 1982 canam.
702 1919 800 1983 Juvat
815 1919 859 1982 ire
874 1938 930 2001 per
944 1918 1010 1983 alta

147 2027 250 2104 Astra,
264 2023 369 2104 juvat,
386 2025 476 2087 terris
491 2036 523 2087 et
538 2023 634 2088 inerti
648 2023 724 2088 sede
739 2024 859 2104 relicta,

149 2129 240 2192 Nube
258 2129 345 2209 vehi,
362 2129 523 2211 validique
540 2130 683 2194 humeris
697 2129 842 2193 insistere
858 2129 1009 2211 Atlantis,
1142 2133 1185 2196 90

151 2233 360 2314 Palantesque
376 2234 525 2298 homines
540 2236 657 2317 passim
673 2254 710 2297 ac
726 2235 857 2299 rationis
871 2245 1005 2318 egentes

149 2338 341 2421 Despectare
358 2338 477 2421 procul,
495 2339 696 2422 trepidosque
712 2340 901 2420 obitumque
916 2341 1068 2403 timentes

150 2443 207 2507 Sic
222 2442 393 2523 exhortari,
408 2444 585 2524 seriemque
601 2443 749 2506 evolvere
766 2442 845 2506 sati:

152 2551 199 2611 ‘O
214 2568 317 2630 genus
332 2551 505 2612 attonitum
521 2547 635 2629 gelidae
651 2545 822 2610 formidine
839 2547 959 2625 mortis,

150 2652 245 2722 Quid
261 2653 375 2736 Styga,
392 2653 469 2736 quid
484 2653 631 2717 tenebras
646 2662 678 2714 et
695 2651 827 2713 nomina
841 2669 926 2713 vana
940 2650 1073 2731 timetis,
1142 2654 1186 2716 96

151 2759 317 2822 Materiam
334 2772 456 2838 vatum,
473 2757 607 2838 falsique
625 2755 765 2839 pericula
779 2754 919 2820 mundi?

150 2866 290 2946 Corpora
304 2865 373 2928 sive
389 2883 485 2946 rogus
500 2862 630 2926 flammi
655 2881 712 2925 seu
728 2863 800 2926 tabe
817 2874 961 2926 vetustas
985 2927 991 2934 ,

150 2969 336 3048 Abstrrlerit,
354 2968 438 3032 mala
452 2988 544 3051 posse
561 2969 626 3050 pati
642 2987 707 3030 non
725 2967 789 3030 ulla
805 2968 943 3051 putetis:

150 3073 253 3136 Morte
269 3085 377 3136 carent
392 3074 520 3151 animae,
536 3091 735 3154 semperque,
752 3073 854 3155 priore
869 3073 981 3136 relietd

152 3177 248 3258 Sede,
264 3179 358 3242 novis
373 3178 523 3241 domibus
537 3180 663 3256 vivunt,
680 3179 889 3258 habitantque
905 3158 1051 3260 ieoeptae.
1124 3177 1186 3241 100

150 3285 222 3366 lpse
238 3303 310 3366 ego,
327 3303 402 3346 nam
418 3284 563 3363 memini,
581 3281 716 3362 Trojani
732 3293 872 3365 ternpore
888 3281 965 3345 belli

149 3388 349 3454 Panthoides
366 3388 560 3471 Euphorbus
574 3407 670 3468 eram,
687 3388 740 3451 eui
758 3398 882 3470 pectora
897 3386 1061 3468 quondam

149 3496 256 3559 Haesit
273 3497 306 3558 in
322 3495 454 3558 adverso
471 3496 577 3576 gravis
592 3494 684 3557 haste
699 3483 832 3557 minoris
846 3493 977 3556 Atridae.

148 3601 301 3684 Cognovi
316 3601 478 3683 clypeum,
494 3601 587 3664 laevae
602 3600 780 3682 gestamina
796 3611 923 3678 nostrae,

148 3706 260 3791 Nuper
276 3707 431 3771 Abanteis
446 3704 566 3789 templo
580 3705 601 3769 J
603 3705 717 3770 anonis
734 3705 767 3766 in
782 3703 886 3786 Argis.
1124 3703 1187 3768 106
