<?xml version="1.0" encoding="UTF-8"?>
<!DOCTYPE html PUBLIC "-//W3C//DTD XHTML 1.0 Transitional//EN"
    "http://www.w3.org/TR/xhtml1/DTD/xhtml1-transitional.dtd">
<html xmlns="http://www.w3.org/1999/xhtml" xml:lang="en" lang="en">
 <head>
  <title>
</title>
<meta http-equiv="Content-Type" content="text/html;charset=utf-8" />
  <meta name='ocr-system' content='tesseract 3.04.00' />
  <meta name='ocr-capabilities' content='ocr_page ocr_carea ocr_par ocr_line ocrx_word'/>
</head>
<body>
  <div class='ocr_page' id='page_1' title='image "./selectionsfromm00ovidgoog_0041.png"; bbox 0 0 2646 4176; ppageno 0'>
   <div class='ocr_carea' id='block_1_1' title="bbox 93 247 844 320">
    <p class='ocr_par' dir='ltr' id='par_1_1' title="bbox 93 247 844 320">
     <span class='ocr_line' id='line_1_1' title="bbox 93 247 844 320; baseline 0.008 -6"><span class='ocrx_word' id='word_1_1' title='bbox 93 247 138 314; x_wconf 76' lang='lat'>32</span> <span class='ocrx_word' id='word_1_2' title='bbox 382 269 500 320; x_wconf 84' lang='lat' dir='ltr'>ovms</span> <span class='ocrx_word' id='word_1_3' title='bbox 522 269 844 320; x_wconf 73' lang='lat' dir='ltr'>uaruuoaruosss.</span> 
     </span>
    </p>
   </div>
   <div class='ocr_carea' id='block_1_2' title="bbox 15 425 1173 2510">
    <p class='ocr_par' dir='ltr' id='par_1_2' title="bbox 94 425 1173 720">
     <span class='ocr_line' id='line_1_2' title="bbox 95 425 912 508; baseline 0 -20"><span class='ocrx_word' id='word_1_4' title='bbox 95 425 213 488; x_wconf 83' lang='lat' dir='ltr'>Seotus</span> <span class='ocrx_word' id='word_1_5' title='bbox 229 426 261 490; x_wconf 94' lang='lat' dir='ltr'>in</span> <span class='ocrx_word' id='word_1_6' title='bbox 279 425 447 508; x_wconf 87' lang='lat' dir='ltr'>obliquum</span> <span class='ocrx_word' id='word_1_7' title='bbox 462 437 511 488; x_wconf 89' lang='lat' dir='ltr'>est</span> <span class='ocrx_word' id='word_1_8' title='bbox 526 425 592 488; x_wconf 87' lang='lat' dir='ltr'>lato</span> <span class='ocrx_word' id='word_1_9' title='bbox 607 426 792 490; x_wconf 85' lang='lat' dir='ltr'>curvamine</span> <span class='ocrx_word' id='word_1_10' title='bbox 809 425 912 505; x_wconf 88' lang='lat' dir='ltr'>limes,</span> 
     </span>
     <span class='ocr_line' id='line_1_3' title="bbox 96 529 1173 614; baseline -0.003 -17"><span class='ocrx_word' id='word_1_11' title='bbox 96 533 326 612; x_wconf 87' lang='lat' dir='ltr'>Zonarumque</span> <span class='ocrx_word' id='word_1_12' title='bbox 344 534 440 596; x_wconf 88' lang='lat' dir='ltr'>trium</span> <span class='ocrx_word' id='word_1_13' title='bbox 455 542 628 594; x_wconf 79' lang='lat' dir='ltr'>contentus</span> <span class='ocrx_word' id='word_1_14' title='bbox 643 531 707 594; x_wconf 88' lang='lat' dir='ltr'>fine</span> <span class='ocrx_word' id='word_1_15' title='bbox 725 529 898 614; x_wconf 89' lang='lat' dir='ltr'>polumque</span> <span class='ocrx_word' id='word_1_16' title='bbox 1069 529 1133 595; x_wconf 79' lang='lat'>130</span> <span class='ocrx_word' id='word_1_17' title='bbox 1170 565 1173 568; x_wconf 96' lang='lat'>·</span> 
     </span>
     <span class='ocr_line' id='line_1_4' title="bbox 94 627 1011 720; baseline -0.001 -20"><span class='ocrx_word' id='word_1_18' title='bbox 94 627 221 720; x_wconf 80' lang='lat' dir='ltr'>Effugit</span> <span class='ocrx_word' id='word_1_19' title='bbox 237 637 419 717; x_wconf 80' lang='lat' dir='ltr'>australem,</span> <span class='ocrx_word' id='word_1_20' title='bbox 432 634 644 718; x_wconf 84' lang='lat' dir='ltr'>junctamque</span> <span class='ocrx_word' id='word_1_21' title='bbox 660 637 865 716; x_wconf 80' lang='lat' dir='ltr'>aquilonibus</span> <span class='ocrx_word' id='word_1_22' title='bbox 880 637 1011 700; x_wconf 83' lang='lat' dir='ltr'><strong>Arcton.</strong></span> 
     </span>
    </p>

    <p class='ocr_par' dir='ltr' id='par_1_3' title="bbox 94 742 898 823">
     <span class='ocr_line' id='line_1_5' title="bbox 94 742 898 823; baseline 0 -17"><span class='ocrx_word' id='word_1_23' title='bbox 94 743 168 806; x_wconf 72' lang='lat' dir='ltr'>Hae</span> <span class='ocrx_word' id='word_1_24' title='bbox 184 743 225 805; x_wconf 90' lang='lat' dir='ltr'>sit</span> <span class='ocrx_word' id='word_1_25' title='bbox 242 744 321 806; x_wconf 88' lang='lat' dir='ltr'>iter:</span> <span class='ocrx_word' id='word_1_26' title='bbox 345 743 517 806; x_wconf 85' lang='lat' dir='ltr'>manifesta</span> <span class='ocrx_word' id='word_1_27' title='bbox 532 752 609 805; x_wconf 83' lang='lat' dir='ltr'>rotae</span> <span class='ocrx_word' id='word_1_28' title='bbox 626 742 763 823; x_wconf 83' lang='lat' dir='ltr'>vestigia</span> <span class='ocrx_word' id='word_1_29' title='bbox 777 759 898 806; x_wconf 83' lang='lat' dir='ltr'>cernes.</span> 
     </span>
    </p>

    <p class='ocr_par' dir='ltr' id='par_1_4' title="bbox 95 845 919 930">
     <span class='ocr_line' id='line_1_6' title="bbox 95 845 919 930; baseline -0.002 -18"><span class='ocrx_word' id='word_1_30' title='bbox 95 849 202 928; x_wconf 92' lang='lat' dir='ltr'>thue</span> <span class='ocrx_word' id='word_1_31' title='bbox 218 847 320 911; x_wconf 86' lang='lat' dir='ltr'>serant</span> <span class='ocrx_word' id='word_1_32' title='bbox 337 867 447 930; x_wconf 80' lang='lat' dir='ltr'>aequos</span> <span class='ocrx_word' id='word_1_33' title='bbox 461 859 494 911; x_wconf 89' lang='lat' dir='ltr'>et</span> <span class='ocrx_word' id='word_1_34' title='bbox 509 847 628 910; x_wconf 86' lang='lat' dir='ltr'>coelum</span> <span class='ocrx_word' id='word_1_35' title='bbox 643 856 676 909; x_wconf 90' lang='lat' dir='ltr'>et</span> <span class='ocrx_word' id='word_1_36' title='bbox 692 858 774 910; x_wconf 84' lang='lat' dir='ltr'>terra</span> <span class='ocrx_word' id='word_1_37' title='bbox 788 845 919 927; x_wconf 80' lang='lat' dir='ltr'>calores,</span> 
     </span>
    </p>

    <p class='ocr_par' dir='ltr' id='par_1_5' title="bbox 15 951 1134 1242">
     <span class='ocr_line' id='line_1_7' title="bbox 94 951 1043 1036; baseline -0.002 -20"><span class='ocrx_word' id='word_1_38' title='bbox 94 951 162 1016; x_wconf 86' lang='lat' dir='ltr'>Neo</span> <span class='ocrx_word' id='word_1_39' title='bbox 179 973 296 1036; x_wconf 84' lang='lat' dir='ltr'>preme,</span> <span class='ocrx_word' id='word_1_40' title='bbox 313 973 374 1017; x_wconf 86' lang='lat' dir='ltr'>neo</span> <span class='ocrx_word' id='word_1_41' title='bbox 390 971 555 1016; x_wconf 89' lang='lat' dir='ltr'>summum</span> <span class='ocrx_word' id='word_1_42' title='bbox 571 952 684 1015; x_wconf 90' lang='lat' dir='ltr'>molire</span> <span class='ocrx_word' id='word_1_43' title='bbox 701 972 756 1034; x_wconf 89' lang='lat' dir='ltr'>per</span> <span class='ocrx_word' id='word_1_44' title='bbox 770 953 892 1017; x_wconf 81' lang='lat' dir='ltr'>aethera</span> <span class='ocrx_word' id='word_1_45' title='bbox 906 969 1043 1016; x_wconf 81' lang='lat' dir='ltr'>eurtum.</span> 
     </span>
     <span class='ocr_line' id='line_1_8' title="bbox 94 1054 1134 1140; baseline -0.005 -18"><span class='ocrx_word' id='word_1_46' title='bbox 94 1059 202 1122; x_wconf 85' lang='lat' dir='ltr'>Altius</span> <span class='ocrx_word' id='word_1_47' title='bbox 217 1077 364 1140; x_wconf 89' lang='lat' dir='ltr'>egressus</span> <span class='ocrx_word' id='word_1_48' title='bbox 379 1057 523 1121; x_wconf 75' lang='lat' dir='ltr'>coelestia</span> <span class='ocrx_word' id='word_1_49' title='bbox 538 1066 623 1120; x_wconf 82' lang='lat' dir='ltr'>tecte</span> <span class='ocrx_word' id='word_1_50' title='bbox 638 1057 814 1138; x_wconf 86' lang='lat' dir='ltr'>cremabis;</span> <span class='ocrx_word' id='word_1_51' title='bbox 829 1099 833 1106; x_wconf 85' lang='lat'><strong>·</strong></span> <span class='ocrx_word' id='word_1_52' title='bbox 1073 1054 1134 1118; x_wconf 84' lang='grc'>136</span> 
     </span>
     <span class='ocr_line' id='line_1_9' title="bbox 15 1162 792 1242; baseline -0.004 -15"><span class='ocrx_word' id='word_1_53' title='bbox 15 1185 25 1200; x_wconf 80' lang='lat'><em>⁴</em></span> <span class='ocrx_word' id='word_1_54' title='bbox 94 1162 243 1242; x_wconf 73' lang='lat' dir='ltr'>Inferius,</span> <span class='ocrx_word' id='word_1_55' title='bbox 259 1174 377 1227; x_wconf 83' lang='lat' dir='ltr'>terras:</span> <span class='ocrx_word' id='word_1_56' title='bbox 399 1163 508 1227; x_wconf 84' lang='lat' dir='ltr'>medio</span> <span class='ocrx_word' id='word_1_57' title='bbox 524 1162 706 1226; x_wconf 89' lang='lat' dir='ltr'>tutissimus</span> <span class='ocrx_word' id='word_1_58' title='bbox 721 1162 792 1225; x_wconf 84' lang='lat' dir='ltr'><strong>ibis.</strong></span> 
     </span>
    </p>

    <p class='ocr_par' dir='ltr' id='par_1_6' title="bbox 93 1268 915 1350">
     <span class='ocr_line' id='line_1_10' title="bbox 93 1268 915 1350; baseline -0.002 -18"><span class='ocrx_word' id='word_1_59' title='bbox 93 1270 167 1332; x_wconf 89' lang='lat' dir='ltr'>Neu</span> <span class='ocrx_word' id='word_1_60' title='bbox 181 1280 213 1332; x_wconf 89' lang='lat' dir='ltr'>te</span> <span class='ocrx_word' id='word_1_61' title='bbox 230 1268 391 1332; x_wconf 83' lang='lat' dir='ltr'>dexterior</span> <span class='ocrx_word' id='word_1_62' title='bbox 408 1279 527 1335; x_wconf 87' lang='lat' dir='ltr'>tortum</span> <span class='ocrx_word' id='word_1_63' title='bbox 541 1268 682 1332; x_wconf 85' lang='lat' dir='ltr'>declinet</span> <span class='ocrx_word' id='word_1_64' title='bbox 697 1269 738 1331; x_wconf 86' lang='lat' dir='ltr'>ad</span> <span class='ocrx_word' id='word_1_65' title='bbox 753 1269 915 1350; x_wconf 83' lang='lat' dir='ltr'>Anguem,</span> 
     </span>
    </p>

    <p class='ocr_par' dir='ltr' id='par_1_7' title="bbox 94 1373 916 1458">
     <span class='ocr_line' id='line_1_11' title="bbox 94 1373 916 1458; baseline -0.001 -20"><span class='ocrx_word' id='word_1_66' title='bbox 94 1374 184 1438; x_wconf 87' lang='lat' dir='ltr'>Neve</span> <span class='ocrx_word' id='word_1_67' title='bbox 201 1374 376 1438; x_wconf 82' lang='lat' dir='ltr'>sinisterior</span> <span class='ocrx_word' id='word_1_68' title='bbox 390 1394 530 1458; x_wconf 84' lang='lat' dir='ltr'>pressam</span> <span class='ocrx_word' id='word_1_69' title='bbox 545 1384 614 1437; x_wconf 84' lang='lat' dir='ltr'>rota</span> <span class='ocrx_word' id='word_1_70' title='bbox 629 1373 726 1436; x_wconf 78' lang='lat' dir='ltr'>ducat</span> <span class='ocrx_word' id='word_1_71' title='bbox 741 1373 783 1436; x_wconf 83' lang='lat' dir='ltr'>ad</span> <span class='ocrx_word' id='word_1_72' title='bbox 798 1375 916 1438; x_wconf 84' lang='lat' dir='ltr'>Aram:</span> 
     </span>
    </p>

    <p class='ocr_par' dir='ltr' id='par_1_8' title="bbox 94 1478 949 1562">
     <span class='ocr_line' id='line_1_12' title="bbox 94 1478 949 1562; baseline -0.005 -18"><span class='ocrx_word' id='word_1_73' title='bbox 94 1481 183 1544; x_wconf 82' lang='lat' dir='ltr'>Inter</span> <span class='ocrx_word' id='word_1_74' title='bbox 200 1490 371 1562; x_wconf 90' lang='lat' dir='ltr'>utrumque</span> <span class='ocrx_word' id='word_1_75' title='bbox 389 1491 472 1543; x_wconf 88' lang='lat' dir='ltr'>tene.</span> <span class='ocrx_word' id='word_1_76' title='bbox 520 1479 674 1542; x_wconf 80' lang='lat' dir='ltr'>Fortunae</span> <span class='ocrx_word' id='word_1_77' title='bbox 689 1489 795 1542; x_wconf 84' lang='lat' dir='ltr'>cetera</span> <span class='ocrx_word' id='word_1_78' title='bbox 811 1478 949 1558; x_wconf 81' lang='lat' dir='ltr'>mand03</span> 
     </span>
    </p>

    <p class='ocr_par' dir='ltr' id='par_1_9' title="bbox 95 1581 1136 1773">
     <span class='ocr_line' id='line_1_13' title="bbox 95 1581 1136 1666; baseline -0.01 -12"><span class='ocrx_word' id='word_1_79' title='bbox 95 1585 183 1654; x_wconf 73' lang='lat' dir='ltr'>Qum</span> <span class='ocrx_word' id='word_1_80' title='bbox 196 1585 299 1666; x_wconf 86' lang='lat' dir='ltr'>juvet,</span> <span class='ocrx_word' id='word_1_81' title='bbox 315 1597 347 1648; x_wconf 86' lang='lat' dir='ltr'>et</span> <span class='ocrx_word' id='word_1_82' title='bbox 364 1586 488 1664; x_wconf 76' lang='lat' dir='ltr'>melius,</span> <span class='ocrx_word' id='word_1_83' title='bbox 505 1586 603 1666; x_wconf 71' lang='lat' dir='ltr'>quim</span> <span class='ocrx_word' id='word_1_84' title='bbox 616 1597 662 1664; x_wconf 90' lang='lat' dir='ltr'>tu,</span> <span class='ocrx_word' id='word_1_85' title='bbox 680 1585 741 1649; x_wconf 90' lang='lat' dir='ltr'>tibi</span> <span class='ocrx_word' id='word_1_86' title='bbox 756 1584 912 1664; x_wconf 87' lang='lat' dir='ltr'>consulat,</span> <span class='ocrx_word' id='word_1_87' title='bbox 929 1594 1016 1666; x_wconf 88' lang='lat' dir='ltr'>opto.</span> <span class='ocrx_word' id='word_1_88' title='bbox 1074 1581 1136 1644; x_wconf 82' lang='lat' dir='ltr'>tto</span> 
     </span>
     <span class='ocr_line' id='line_1_14' title="bbox 95 1689 921 1773; baseline -0.004 -20"><span class='ocrx_word' id='word_1_89' title='bbox 95 1691 183 1754; x_wconf 90' lang='lat' dir='ltr'>Dum</span> <span class='ocrx_word' id='word_1_90' title='bbox 198 1690 322 1773; x_wconf 87' lang='lat' dir='ltr'>loquor,</span> <span class='ocrx_word' id='word_1_91' title='bbox 338 1691 495 1773; x_wconf 88' lang='lat' dir='ltr'>Hesperio</span> <span class='ocrx_word' id='word_1_92' title='bbox 512 1691 631 1773; x_wconf 85' lang='lat' dir='ltr'>positas</span> <span class='ocrx_word' id='word_1_93' title='bbox 646 1689 682 1750; x_wconf 92' lang='lat' dir='ltr'>in</span> <span class='ocrx_word' id='word_1_94' title='bbox 696 1689 801 1752; x_wconf 88' lang='lat' dir='ltr'>littore</span> <span class='ocrx_word' id='word_1_95' title='bbox 817 1699 921 1754; x_wconf 87' lang='lat' dir='ltr'>metas</span> 
     </span>
    </p>

    <p class='ocr_par' dir='ltr' id='par_1_10' title="bbox 95 1792 990 1981">
     <span class='ocr_line' id='line_1_15' title="bbox 95 1792 990 1876; baseline -0.007 -18"><span class='ocrx_word' id='word_1_96' title='bbox 95 1795 243 1858; x_wconf 83' lang='lat' dir='ltr'>Humida</span> <span class='ocrx_word' id='word_1_97' title='bbox 258 1815 325 1859; x_wconf 86' lang='lat' dir='ltr'>nox</span> <span class='ocrx_word' id='word_1_98' title='bbox 341 1795 455 1876; x_wconf 89' lang='lat' dir='ltr'>tetigit.</span> <span class='ocrx_word' id='word_1_99' title='bbox 503 1795 576 1858; x_wconf 89' lang='lat' dir='ltr'>Non</span> <span class='ocrx_word' id='word_1_100' title='bbox 591 1805 641 1856; x_wconf 87' lang='lat' dir='ltr'>est</span> <span class='ocrx_word' id='word_1_101' title='bbox 656 1813 748 1856; x_wconf 81' lang='lat' dir='ltr'>mora</span> <span class='ocrx_word' id='word_1_102' title='bbox 761 1793 861 1856; x_wconf 84' lang='lat' dir='ltr'>libers</span> <span class='ocrx_word' id='word_1_103' title='bbox 876 1792 990 1854; x_wconf 85' lang='lat' dir='ltr'>nobis:</span> 
     </span>
     <span class='ocr_line' id='line_1_16' title="bbox 95 1895 974 1981; baseline -0.006 -19"><span class='ocrx_word' id='word_1_104' title='bbox 95 1899 272 1978; x_wconf 90' lang='lat' dir='ltr'>Poscimur‚</span> <span class='ocrx_word' id='word_1_105' title='bbox 288 1910 320 1962; x_wconf 89' lang='lat' dir='ltr'>et</span> <span class='ocrx_word' id='word_1_106' title='bbox 337 1897 440 1981; x_wconf 81' lang='lat' dir='ltr'>fulget</span> <span class='ocrx_word' id='word_1_107' title='bbox 456 1898 597 1960; x_wconf 89' lang='lat' dir='ltr'>tenebris</span> <span class='ocrx_word' id='word_1_108' title='bbox 612 1900 735 1960; x_wconf 86' lang='lat' dir='ltr'>Aurora</span> <span class='ocrx_word' id='word_1_109' title='bbox 749 1895 878 1977; x_wconf 83' lang='lat' dir='ltr'>fugatis.</span> <span class='ocrx_word' id='word_1_110' title='bbox 973 1959 974 1966; x_wconf 45' lang='lat'>,</span> 
     </span>
    </p>

    <p class='ocr_par' dir='ltr' id='par_1_11' title="bbox 95 1999 861 2086">
     <span class='ocr_line' id='line_1_17' title="bbox 95 1999 861 2086; baseline -0.009 -18"><span class='ocrx_word' id='word_1_111' title='bbox 95 2005 226 2086; x_wconf 80' lang='lat' dir='ltr'>Corripe</span> <span class='ocrx_word' id='word_1_112' title='bbox 243 2005 311 2066; x_wconf 89' lang='lat' dir='ltr'>lora</span> <span class='ocrx_word' id='word_1_113' title='bbox 326 2023 434 2082; x_wconf 89' lang='lat' dir='ltr'>manu,</span> <span class='ocrx_word' id='word_1_114' title='bbox 451 2001 515 2081; x_wconf 87' lang='lat' dir='ltr'>vel,</span> <span class='ocrx_word' id='word_1_115' title='bbox 532 2001 559 2064; x_wconf 91' lang='lat' dir='ltr'>si</span> <span class='ocrx_word' id='word_1_116' title='bbox 575 1999 732 2062; x_wconf 86' lang='lat' dir='ltr'>mutabile</span> <span class='ocrx_word' id='word_1_117' title='bbox 749 2011 861 2082; x_wconf 89' lang='lat' dir='ltr'>pectus</span> 
     </span>
    </p>

    <p class='ocr_par' dir='ltr' id='par_1_12' title="bbox 95 2099 1136 2400">
     <span class='ocr_line' id='line_1_18' title="bbox 96 2099 1136 2188; baseline -0.008 -16"><span class='ocrx_word' id='word_1_118' title='bbox 96 2109 156 2173; x_wconf 89' lang='lat' dir='ltr'>Est</span> <span class='ocrx_word' id='word_1_119' title='bbox 172 2110 242 2188; x_wconf 86' lang='lat' dir='ltr'>tibi,</span> <span class='ocrx_word' id='word_1_120' title='bbox 260 2107 415 2186; x_wconf 81' lang='lat' dir='ltr'>consiliis,</span> <span class='ocrx_word' id='word_1_121' title='bbox 432 2126 497 2170; x_wconf 90' lang='lat' dir='ltr'>non</span> <span class='ocrx_word' id='word_1_122' title='bbox 514 2105 669 2182; x_wconf 86' lang='lat' dir='ltr'>curribus,</span> <span class='ocrx_word' id='word_1_123' title='bbox 687 2115 776 2168; x_wconf 86' lang='lat' dir='ltr'>utere</span> <span class='ocrx_word' id='word_1_124' title='bbox 793 2105 919 2183; x_wconf 88' lang='lat' dir='ltr'>nostris,</span> <span class='ocrx_word' id='word_1_125' title='bbox 1073 2099 1136 2166; x_wconf 86' lang='grc'>146</span> 
     </span>
     <span class='ocr_line' id='line_1_19' title="bbox 95 2209 971 2297; baseline -0.008 -18"><span class='ocrx_word' id='word_1_126' title='bbox 95 2217 183 2279; x_wconf 91' lang='lat' dir='ltr'>Dum</span> <span class='ocrx_word' id='word_1_127' title='bbox 199 2225 299 2297; x_wconf 84' lang='lat' dir='ltr'>potes,</span> <span class='ocrx_word' id='word_1_128' title='bbox 316 2224 349 2276; x_wconf 90' lang='lat' dir='ltr'>et</span> <span class='ocrx_word' id='word_1_129' title='bbox 365 2212 476 2276; x_wconf 90' lang='lat' dir='ltr'>solidis</span> <span class='ocrx_word' id='word_1_130' title='bbox 491 2212 587 2274; x_wconf 85' lang='lat' dir='ltr'>etiam</span> <span class='ocrx_word' id='word_1_131' title='bbox 605 2229 691 2274; x_wconf 86' lang='lat' dir='ltr'>nuno</span> <span class='ocrx_word' id='word_1_132' title='bbox 708 2209 840 2274; x_wconf 85' lang='lat' dir='ltr'>sedibus</span> <span class='ocrx_word' id='word_1_133' title='bbox 855 2209 971 2288; x_wconf 80' lang='lat' dir='ltr'>adstas,</span> 
     </span>
     <span class='ocr_line' id='line_1_20' title="bbox 95 2315 1031 2400; baseline -0.011 -14"><span class='ocrx_word' id='word_1_134' title='bbox 95 2321 247 2400; x_wconf 87' lang='lat' dir='ltr'>Dumque</span> <span class='ocrx_word' id='word_1_135' title='bbox 264 2317 348 2382; x_wconf 70' lang='lat' dir='ltr'>male</span> <span class='ocrx_word' id='word_1_136' title='bbox 364 2329 491 2400; x_wconf 80' lang='lat' dir='ltr'>optatos</span> <span class='ocrx_word' id='word_1_137' title='bbox 507 2315 653 2380; x_wconf 89' lang='lat' dir='ltr'>nondum</span> <span class='ocrx_word' id='word_1_138' title='bbox 670 2315 788 2398; x_wconf 89' lang='lat' dir='ltr'>premis</span> <span class='ocrx_word' id='word_1_139' title='bbox 805 2315 928 2378; x_wconf 86' lang='lat' dir='ltr'>inscius</span> <span class='ocrx_word' id='word_1_140' title='bbox 943 2333 1031 2376; x_wconf 81' lang='lat' dir='ltr'>axes.</span> 
     </span>
    </p>

    <p class='ocr_par' dir='ltr' id='par_1_13' title="bbox 94 2420 993 2510">
     <span class='ocr_line' id='line_1_21' title="bbox 94 2420 993 2510; baseline -0.007 -21"><span class='ocrx_word' id='word_1_141' title='bbox 94 2426 181 2495; x_wconf 77' lang='lat' dir='ltr'>Ques</span> <span class='ocrx_word' id='word_1_142' title='bbox 198 2435 288 2488; x_wconf 88' lang='lat' dir='ltr'>tutus</span> <span class='ocrx_word' id='word_1_143' title='bbox 304 2434 440 2508; x_wconf 90' lang='lat' dir='ltr'>spectes,</span> <span class='ocrx_word' id='word_1_144' title='bbox 456 2424 525 2486; x_wconf 89' lang='lat' dir='ltr'>sine</span> <span class='ocrx_word' id='word_1_145' title='bbox 541 2442 594 2486; x_wconf 90' lang='lat' dir='ltr'>me</span> <span class='ocrx_word' id='word_1_146' title='bbox 609 2421 685 2484; x_wconf 89' lang='lat' dir='ltr'>dare</span> <span class='ocrx_word' id='word_1_147' title='bbox 706 2420 830 2486; x_wconf 84' lang='lat' dir='ltr'>lumina</span> <span class='ocrx_word' id='word_1_148' title='bbox 846 2421 958 2486; x_wconf 78' lang='lat' dir='ltr'>terris&#39;</span> <span class='ocrx_word' id='word_1_149' title='bbox 972 2439 993 2510; x_wconf 53' lang='lat'>,¹</span> 
     </span>
    </p>
   </div>
   <div class='ocr_carea' id='block_1_3' title="bbox 317 2673 913 2732">
    <p class='ocr_par' dir='ltr' id='par_1_14' title="bbox 317 2673 913 2732">
     <span class='ocr_line' id='line_1_22' title="bbox 317 2673 913 2732; baseline -0.007 -2"><span class='ocrx_word' id='word_1_150' title='bbox 317 2673 497 2732; x_wconf 70' lang='lat' dir='ltr'>rurirrron</span> <span class='ocrx_word' id='word_1_151' title='bbox 520 2689 645 2731; x_wconf 76' lang='lat' dir='ltr'>sursus</span> <span class='ocrx_word' id='word_1_152' title='bbox 668 2689 736 2730; x_wconf 81' lang='lat' dir='ltr'>rur:</span> <span class='ocrx_word' id='word_1_153' title='bbox 760 2685 913 2730; x_wconf 79' lang='lat' dir='ltr'>curator.</span> 
     </span>
    </p>
   </div>
   <div class='ocr_carea' id='block_1_4' title="bbox 95 2842 1136 3770">
    <p class='ocr_par' dir='ltr' id='par_1_15' title="bbox 95 2842 1136 3136">
     <span class='ocr_line' id='line_1_23' title="bbox 121 2842 948 2928; baseline -0.007 -20"><span class='ocrx_word' id='word_1_154' title='bbox 121 2855 123 2859; x_wconf 86' lang='lat'>&#39;</span> <span class='ocrx_word' id='word_1_155' title='bbox 140 2845 285 2928; x_wconf 81' lang='lat' dir='ltr'>Occupet</span> <span class='ocrx_word' id='word_1_156' title='bbox 303 2843 354 2906; x_wconf 90' lang='lat' dir='ltr'>ille</span> <span class='ocrx_word' id='word_1_157' title='bbox 371 2845 476 2908; x_wconf 86' lang='lat' dir='ltr'>levem</span> <span class='ocrx_word' id='word_1_158' title='bbox 491 2842 630 2924; x_wconf 85' lang='lat' dir='ltr'>juvenili</span> <span class='ocrx_word' id='word_1_159' title='bbox 645 2861 775 2924; x_wconf 84' lang='lat' dir='ltr'>corpore</span> <span class='ocrx_word' id='word_1_160' title='bbox 791 2859 948 2918; x_wconf 65' lang='lat' dir='ltr'>currum·</span> 
     </span>
     <span class='ocr_line' id='line_1_24' title="bbox 96 2944 1136 3032; baseline -0.007 -18"><span class='ocrx_word' id='word_1_161' title='bbox 96 2950 232 3030; x_wconf 85' lang='lat' dir='ltr'>Statque</span> <span class='ocrx_word' id='word_1_162' title='bbox 249 2949 354 3032; x_wconf 77' lang='lat' dir='ltr'>super,</span> <span class='ocrx_word' id='word_1_163' title='bbox 368 2949 579 3028; x_wconf 88' lang='lat' dir='ltr'>manibusque</span> <span class='ocrx_word' id='word_1_164' title='bbox 595 2947 686 3010; x_wconf 85' lang='lat' dir='ltr'>dates</span> <span class='ocrx_word' id='word_1_165' title='bbox 701 2945 888 3028; x_wconf 79' lang='lat' dir='ltr'>contingere</span> <span class='ocrx_word' id='word_1_166' title='bbox 905 2944 1048 3008; x_wconf 78' lang='lat' dir='ltr'>habenas</span> <span class='ocrx_word' id='word_1_167' title='bbox 1074 2944 1136 3008; x_wconf 83' lang='grc'>160</span> 
     </span>
     <span class='ocr_line' id='line_1_25' title="bbox 95 3050 850 3136; baseline -0.009 -17"><span class='ocrx_word' id='word_1_168' title='bbox 95 3055 235 3134; x_wconf 82' lang='lat' dir='ltr'>Gaudet,</span> <span class='ocrx_word' id='word_1_169' title='bbox 252 3065 284 3118; x_wconf 92' lang='lat' dir='ltr'>et</span> <span class='ocrx_word' id='word_1_170' title='bbox 302 3053 406 3116; x_wconf 86' lang='lat' dir='ltr'>invito</span> <span class='ocrx_word' id='word_1_171' title='bbox 421 3063 527 3136; x_wconf 82' lang='lat' dir='ltr'>grates</span> <span class='ocrx_word' id='word_1_172' title='bbox 542 3053 610 3134; x_wconf 85' lang='lat' dir='ltr'>agit</span> <span class='ocrx_word' id='word_1_173' title='bbox 626 3051 702 3116; x_wconf 86' lang='lat' dir='ltr'>inde</span> <span class='ocrx_word' id='word_1_174' title='bbox 719 3050 850 3134; x_wconf 86' lang='lat' dir='ltr'>parenti.</span> 
     </span>
    </p>

    <p class='ocr_par' dir='ltr' id='par_1_16' title="bbox 139 3153 916 3240">
     <span class='ocr_line' id='line_1_26' title="bbox 139 3153 916 3240; baseline -0.008 -14"><span class='ocrx_word' id='word_1_175' title='bbox 139 3163 266 3226; x_wconf 82' lang='lat' dir='ltr'>Interea</span> <span class='ocrx_word' id='word_1_176' title='bbox 280 3158 437 3237; x_wconf 86' lang='lat' dir='ltr'>volueres,</span> <span class='ocrx_word' id='word_1_177' title='bbox 455 3157 601 3240; x_wconf 72' lang='lat' dir='ltr'>Pyroiis,</span> <span class='ocrx_word' id='word_1_178' title='bbox 616 3157 716 3236; x_wconf 87' lang='lat' dir='ltr'>Eous,</span> <span class='ocrx_word' id='word_1_179' title='bbox 732 3168 765 3220; x_wconf 86' lang='lat' dir='ltr'>et</span> <span class='ocrx_word' id='word_1_180' title='bbox 781 3153 916 3236; x_wconf 79' lang='lat' dir='ltr'>AEthon,</span> 
     </span>
    </p>

    <p class='ocr_par' dir='ltr' id='par_1_17' title="bbox 95 3261 1136 3770">
     <span class='ocr_line' id='line_1_27' title="bbox 96 3261 979 3346; baseline -0.005 -16"><span class='ocrx_word' id='word_1_181' title='bbox 96 3265 183 3330; x_wconf 89' lang='lat' dir='ltr'>Solis</span> <span class='ocrx_word' id='word_1_182' title='bbox 199 3263 285 3345; x_wconf 88' lang='lat' dir='ltr'>equi,</span> <span class='ocrx_word' id='word_1_183' title='bbox 301 3275 498 3346; x_wconf 83' lang='lat' dir='ltr'>quartusque</span> <span class='ocrx_word' id='word_1_184' title='bbox 515 3263 673 3346; x_wconf 84' lang='lat' dir='ltr'>Phlegon,</span> <span class='ocrx_word' id='word_1_185' title='bbox 690 3261 871 3328; x_wconf 85' lang='lat' dir='ltr'>hinnitibus</span> <span class='ocrx_word' id='word_1_186' title='bbox 885 3281 979 3327; x_wconf 83' lang='lat' dir='ltr'>auras</span> 
     </span>
     <span class='ocr_line' id='line_1_28' title="bbox 96 3367 1011 3452; baseline -0.008 -18"><span class='ocrx_word' id='word_1_187' title='bbox 96 3368 315 3434; x_wconf 80' lang='lat' dir='ltr'>Flammiferis</span> <span class='ocrx_word' id='word_1_188' title='bbox 331 3368 476 3452; x_wconf 91' lang='lat' dir='ltr'>implent,</span> <span class='ocrx_word' id='word_1_189' title='bbox 493 3368 692 3452; x_wconf 87' lang='lat' dir='ltr'>pedibusque</span> <span class='ocrx_word' id='word_1_190' title='bbox 708 3367 861 3452; x_wconf 79' lang='lat' dir='ltr'>repagula</span> <span class='ocrx_word' id='word_1_191' title='bbox 875 3367 1011 3451; x_wconf 87' lang='lat' dir='ltr'>pulsant.</span> 
     </span>
     <span class='ocr_line' id='line_1_29' title="bbox 95 3468 1136 3558; baseline -0.012 -15"><span class='ocrx_word' id='word_1_192' title='bbox 95 3476 183 3544; x_wconf 73' lang='lat' dir='ltr'>Quae</span> <span class='ocrx_word' id='word_1_193' title='bbox 198 3487 367 3558; x_wconf 83' lang='lat' dir='ltr'>postquem</span> <span class='ocrx_word' id='word_1_194' title='bbox 384 3474 524 3556; x_wconf 81' lang='lat' dir='ltr'>Tethys,</span> <span class='ocrx_word' id='word_1_195' title='bbox 541 3473 680 3538; x_wconf 84' lang='lat' dir='ltr'>fetorum</span> <span class='ocrx_word' id='word_1_196' title='bbox 697 3474 809 3557; x_wconf 82' lang='lat' dir='ltr'>ignare</span> <span class='ocrx_word' id='word_1_197' title='bbox 822 3472 958 3558; x_wconf 85' lang='lat' dir='ltr'>nepotis,</span> <span class='ocrx_word' id='word_1_198' title='bbox 1024 3485 1027 3493; x_wconf 79' lang='grc'>’</span> <span class='ocrx_word' id='word_1_199' title='bbox 1071 3468 1136 3532; x_wconf 80' lang='lat' dir='ltr'>ret</span> 
     </span>
     <span class='ocr_line' id='line_1_30' title="bbox 95 3578 868 3664; baseline -0.006 -18"><span class='ocrx_word' id='word_1_200' title='bbox 95 3579 239 3664; x_wconf 84' lang='lat' dir='ltr'>Repulit,</span> <span class='ocrx_word' id='word_1_201' title='bbox 256 3591 289 3643; x_wconf 89' lang='lat' dir='ltr'>et</span> <span class='ocrx_word' id='word_1_202' title='bbox 304 3578 389 3642; x_wconf 86' lang='lat' dir='ltr'>facta</span> <span class='ocrx_word' id='word_1_203' title='bbox 403 3591 452 3642; x_wconf 88' lang='lat' dir='ltr'>est</span> <span class='ocrx_word' id='word_1_204' title='bbox 469 3580 620 3644; x_wconf 87' lang='lat' dir='ltr'>immensi</span> <span class='ocrx_word' id='word_1_205' title='bbox 634 3580 728 3663; x_wconf 83' lang='lat' dir='ltr'>eopia</span> <span class='ocrx_word' id='word_1_206' title='bbox 742 3579 868 3656; x_wconf 87' lang='lat' dir='ltr'>mundi,</span> 
     </span>
     <span class='ocr_line' id='line_1_31' title="bbox 95 3683 894 3770; baseline -0.004 -21"><span class='ocrx_word' id='word_1_207' title='bbox 95 3686 283 3769; x_wconf 69' lang='lat' dir='ltr'>Corripuere</span> <span class='ocrx_word' id='word_1_208' title='bbox 300 3685 398 3765; x_wconf 89' lang='lat' dir='ltr'>viam,</span> <span class='ocrx_word' id='word_1_209' title='bbox 415 3685 617 3770; x_wconf 84' lang='lat' dir='ltr'>pedibusque</span> <span class='ocrx_word' id='word_1_210' title='bbox 631 3705 686 3770; x_wconf 88' lang='lat' dir='ltr'>per</span> <span class='ocrx_word' id='word_1_211' title='bbox 700 3687 774 3750; x_wconf 69' lang='lat' dir='ltr'>adra</span> <span class='ocrx_word' id='word_1_212' title='bbox 788 3683 894 3762; x_wconf 81' lang='lat' dir='ltr'>metis,</span> 
     </span>
    </p>
   </div>
   <div class='ocr_carea' id='block_1_5' title="bbox 0 0 1328 4176">
    <p class='ocr_par' dir='ltr' id='par_1_18' title="bbox 0 0 1328 4176">
     <span class='ocr_line' id='line_1_32' title="bbox 0 0 1328 4176; baseline 0 0"><span class='ocrx_word' id='word_1_213' title='bbox 0 0 1328 4176; x_wconf 95' lang='lat' dir='ltr'> </span> 
     </span>
    </p>
   </div>
  </div>
 </body>
</html>
