2636 4178
608 309 708 362 BOOK
729 311 790 360 VII.

116 480 119 486 '
177 465 325 531 Muneris
340 473 504 528 auctorem
520 485 641 545 secum,
658 465 759 548 spolia
773 467 883 546 altera,
900 479 1039 550 portans,

180 571 289 635 Victor
307 569 463 633 Iolciacos
479 569 587 652 tetigit
602 590 677 634 cum
692 569 831 654 conjuge
848 584 965 655 portus.

456 818 545 860 Esou
568 819 738 860 RESTORED
761 819 802 860 ΤΟ
826 819 944 863 YOUTH·

226 991 410 1054 Haemoniae
427 1001 543 1054 matres
559 1012 614 1074 pro
629 992 712 1056 natis
728 991 812 1056 dona
826 993 961 1076 receptis

180 1094 417 1176 Grandaevique
432 1093 540 1158 ferunt
557 1086 670 1179 patres,
687 1110 901 1180 congestaque
917 1095 1049 1161 flammi

179 1201 273 1263 'Pura
288 1197 508 1281 liquefaciunt,
525 1200 719 1283 inductaque
735 1203 887 1266 cornibus
902 1223 1016 1267 aurum
1175 1202 1218 1265 00

178 1306 322 1369 Victima
336 1316 413 1368 vota
427 1305 522 1369 cadit.
570 1306 636 1370 Sed
652 1309 742 1370 abest
759 1309 959 1390 gratantibus
974 1308 1087 1387 Esou,

182 1411 255 1473 Jam
270 1411 394 1492 propior
409 1409 474 1473 lato
489 1410 654 1492 fessusque
670 1413 824 1475 senilibus
840 1414 941 1475 annis.

185 1514 268 1576 cum
282 1515 326 1576 sic
341 1514 531 1580 AEsonitles:
557 1517 605 1578 ‘O
620 1516 804 1579 cuidebere
822 1517 958 1584 salutem

168 1627 171 1636 '
188 1619 355 1699 Confiteor,
370 1611 509 1700 conjux,⁸
519 1640 702 1702 quanquam
719 1621 799 1684 milri
814 1631 932 1684 cuncta
946 1621 1073 1700 dedisti,

186 1724 393 1806 Excessitque
410 1725 509 1790 fidem
525 1728 711 1790 meritorum
727 1746 854 1789 summa
869 1738 1007 1806 tuorum,
1175 1726 1218 1788 95

182 1829 220 1892 st
238 1842 343 1892 tamen
359 1832 421 1893 hoc
439 1843 590 1914 possunt;
614 1832 691 1912 quid
707 1832 795 1894 enim
812 1851 877 1894 uon
893 1833 1034 1894 carmina
1051 1829 1207 1914 possunt?

177 1934 284 1997 Deme
300 1937 382 1998 meis
396 1937 498 2015 anuis,
515 1948 548 1999 et
563 1937 710 2020 demptos
725 1927 806 2000 adde
824 1938 967 2019 parenti'

176 2039 246 2102 Nec
264 2041 370 2102 tenuit
386 2039 553 2122 lacrymas.
601 2043 690 2106 Mota
706 2056 753 2105 est
770 2045 886 2125 pietate
904 2042 1054 2124 rogantis,

179 2145 442 2226 Dissimilemque
459 2147 605 2210 animum
621 2149 718 2211 subiit
735 2147 830 2210 AEeta
844 2148 994 2227 relietus3

178 2251 251 2313 Nou
270 2260 379 2312 tamen
395 2251 529 2313 affectus
544 2252 624 2314 tales
640 2241 796 2331 confessa,
815 2253 957 2331 ‘erod,’
975 2253 1090 2333 inquit,
1156 2251 1218 2313 100

179 2356 334 2418 ‘Excidit
350 2376 402 2418 ore
420 2369 485 2435 tuo,
503 2356 633 2437 conjux,
651 2358 777 2420 scelus?
800 2379 875 2440 ergo
891 2377 952 2438 ego
969 2359 1120 2438 cuiquam

178 2461 277 2554 lJossa
295 2471 358 2523 tuae
375 2461 484 2524 videor
499 2463 638 2545 spatium
654 2462 859 2525 transcribere
877 2461 975 2523 vitae?

177 2565 247 2628 Nec
263 2565 346 2628 sinat
364 2567 424 2630 hoc
441 2567 576 2647 Hecate,
594 2587 654 2629 neo
671 2579 706 2628 tu
724 2567 804 2648 petis
820 2585 933 2646 aequa3
957 2566 1013 2627 sed
1029 2565 1100 2644 isto,

178 2671 282 2738 Quod
299 2671 389 2754 petie,
407 2673 550 2755 experiar
565 2670 668 2750 majus
683 2671 757 2734 dare
775 2689 902 2748 munus,
920 2671 1024 2733 Iason.

178 2776 258 2838 Arte
275 2776 346 2840 mea
362 2779 463 2842 soceri
478 2778 612 2859 longum
629 2776 825 2840 tentabimus
840 2795 958 2855 aevum,
1157 2775 1218 2838 105
1266 2827 1270 2834 .

177 2882 253 2944 Nou
269 2883 361 2944 annis
375 2902 528 2946 renovare
544 2884 616 2945 tuis.
664 2881 762 2944 Modb
777 2880 853 2944 diva
868 2879 1019 2944 triformis

179 2984 333 3066 adjuvet,
350 2998 383 3050 at
399 3007 538 3070 praeseus
554 2987 740 3068 ingentibus
756 2999 877 3050 annuat
892 2987 999 3050 ausis'

223 3090 356 3156 AEsonis
371 3091 505 3155 effetum'
523 3092 652 3175 proferri
668 3113 782 3174 corpus
798 3093 838 3155 ad
853 3113 923 3156 aras
968 3074 975 3087 ’

178 3195 290 3274 Jussit,
307 3206 339 3259 et
355 3199 388 3260 iu
405 3196 515 3280 plenos
531 3197 706 3260 resolutum
721 3198 862 3261 carmine
879 3218 1019 3277 somnos

178 3301 336 3365 Exanimi
352 3301 501 3381 similem,
519 3303 624 3365 stratis
640 3303 778 3384 porrexit
794 3303 828 3365 in
844 3304 960 3365 herbis.
1155 3300 1218 3365 110

176 3407 269 3469 Hinc
286 3405 396 3488 procul
412 3404 601 3486 AEsoniden,
618 3408 726 3490 procul
744 3408 820 3470 binc
833 3406 926 3487 jubet
943 3408 987 3470 ira
1003 3405 1173 3486 ministros,

176 3511 224 3575 Et
242 3517 360 3574 monet
370 3513 492 3575 arcanis
508 3510 619 3574 oculos
635 3533 798 3575 removere
815 3511 973 3594 profanos.

177 3615 365 3698 Diffugiunt
377 3615 468 3696 jussi.
517 3617 642 3700 Sparsis
658 3617 774 3680 Medea
788 3615 913 3700 capillis

279 3730 282 3733 ,
489 3721 542 3786 8*
