2646 4176
582 289 682 342 BOOK
703 291 740 344 11.
789 293 792 296 ’

144 447 209 511 Non
225 447 413 511 auditurum
428 447 561 512 miseras
576 417 783 512 Phaethonta
797 448 944 530 querelas
1014 505 1022 515 .

37 571 41 578 ·
145 551 240 616 Nocte
256 553 375 634 dieque
391 565 519 634 vocant,
535 553 826 636 adsternunturque
843 555 998 637 sepulcro.

147 657 234 722 Luna
248 671 361 739 quater
374 656 497 738 junctis
513 658 660 742 implerat
675 661 827 723 cornibus
843 661 953 724 orbem
966 681 974 741 3

37 797 44 817 ·
148 763 210 826 Illae
227 783 314 826 more
331 784 390 826 suo
407 763 499 848 (nam
514 784 637 830 morem
653 763 771 828 fecerat
787 769 881 853 usus)

147 869 333 952 plangorem
349 869 512 938 dederant.
561 871 592 934 Ε
608 869 893 952 qulsPhaethusa,
910 889 1056 936 sororum
1118 868 1184 934 345

144 975 294 1054 Maxima,
311 977 384 1038 clim
399 975 499 1038 vellet
513 987 603 1040 terrae
620 977 841 1060 procumbere,
858 989 973 1059 questa
986 987 1042 1040 est

60 1143 62 1150 ,
142 1080 321 1163 Diriguisse
338 1081 455 1164 pedes:
479 1081 521 1144 ad
536 1101 632 1162 quam
647 1093 763 1146 conata
777 1083 887 1146 venire

141 1187 287 1250 Candida
303 1186 480 1268 Lampetie,
497 1187 605 1252 subito
618 1188 724 1251 radice
740 1199 864 1252 retenta
878 1200 937 1252 est.

141 1293 265 1370 Tertia,
282 1289 359 1354 cr'rm
374 1293 496 1354 crinem
511 1293 662 1356 manibus
677 1294 796 1358 laniare
813 1305 946 1377 pararet,

144 1398 263 1464 Avellit
279 1395 417 1460 frondes.
465 1399 546 1460 Haec
563 1399 672 1480 stipite
688 1419 779 1462 crura
794 1401 907 1479 teneri,
1119 1392 1185 1459 350

148 1503 208 1564 llla
222 1503 306 1566 dolet
322 1503 392 1565 fieri
409 1504 523 1586 longos
538 1523 596 1567 sua
612 1504 743 1568 brachia
758 1524 871 1567 ramos.
886 1523 913 1580 s

38 1667 39 1674 ,
152 1607 244 1674 Quid
258 1607 347 1672 faciat
362 1611 486 1672 mater?
510 1609 582 1688 nisi,
600 1609 665 1689 quo
681 1609 785 1671 trahat
801 1609 942 1690 impetus
958 1607 1057 1686 illam,

151 1712 226 1775 Huc
241 1724 289 1775 eat
303 1727 397 1794 atque
415 1714 501 1792 illuc,
518 1724 561 1793 ct,
578 1714 657 1777 dnm
674 1714 761 1794 licet,
778 1713 889 1778 oscula
901 1711 1040 1795 jungat?

144 1817 216 1882 Non
233 1820 309 1881 satis
323 1832 370 1882 est
385 1841 392 1882 :
419 1821 540 1882 truncis
554 1820 693 1882 avellere
709 1839 841 1902 corpora
856 1830 970 1900 tentat,
1135 1811 1139 1814 ”

37 1915 38 1930 ³
143 1923 186 1986 Et
203 1935 334 1988 teneros·
347 1926 496 1994 manibus
512 1945 617 1988 ramos
632 1926 814 2008 abrumpit:
838 1925 963 1990 atinde
1120 1921 1187 1986 3155

143 2030 339 2112 Sanguinem
355 2042 487 2093 manant
504 2040 657 2111 tanquam
674 2031 714 2094 de
731 2031 863 2095 vulnere
880 2043 990 2114 guttae.

144 2135 271 2214 ‘Parca
291 2155 408 2216 precor,
424 2139 548 2215 mater,'
565 2155 767 2217 quaecunque
784 2148 832 2200 est
848 2138 968 2216 saucia,
984 2136 1114 2212 clamat,
1164 2165 1173 2174 ·

142 2249 151 2280 ‘
160 2241 271 2320 Parce,
289 2259 416 2322 precor:
441 2252 585 2304 nostrum
601 2242 757 2305 laceratur
772 2242 806 2306 in
822 2243 931 2306 arbore
948 2259 1073 2323 corpus.

138 2346 279 2434 lamque
296 2346 388 2409 vale!
435 2348 554 2410 Cortex
570 2348 604 2410 in
621 2349 720 2411 verba
736 2349 913 2410 novissima
928 2348 1026 2410 venit.
1066 2363 1068 2368 ·

140 2451 222 2514 Inde
239 2450 346 2514 fluunt
362 2452 524 2532 lacrymae,
541 2452 722 2532 stillataque
739 2453 805 2515 sole
822 2452 985 2533 rigescunt
1119 2449 1185 2512 360

142 2555 192 2620 De
208 2557 308 2620 ramis
322 2556 439 2620 electra
453 2558 556 2636 novis,
573 2577 645 2638 quae
661 2556 790 2618 lucidus
805 2555 910 2618 amnis
995 2629 998 2636 Ι

143 2661 288 2746 Excipit,
305 2673 337 2725 et
354 2662 487 2726 nuribus
503 2663 602 2726 mittit
618 2661 775 2746 gestanda
790 2659 925 2724 Latinis.

475 2941 544 2982 THE
569 2940 675 2984 tuoni:
701 2940 741 2982 Ol*
764 2937 858 2981 ΕΜ.

598 3097 627 3138 v.
654 3075 729 3139 ⁷60.

140 3197 295 3260 Protinus
311 3196 449 3259 Invidiae
465 3198 556 3278 nigro
572 3194 752 3277 squalentia
767 3194 843 3256 tabo

140 3304 254 3366 Tecta
268 3303 357 3384 petit.
405 3301 531 3366 Domus
544 3313 594 3364 est
610 3302 683 3366 imis
700 3301 734 3364 in
750 3299 890 3363 vallibus
904 3297 1003 3379 hujus

138 3409 274 3484 Abdita
291 3408 358 3470 sole
376 3427 495 3486 carens,
512 3427 578 3470 nou
596 3407 652 3468 ulli
669 3406 778 3488 pervia
793 3417 902 3485 uento,
1040 3425 1043 3429 ·
1124 3401 1191 3467 365

141 3513 276 3589 Tristis,
294 3525 326 3576 et
343 3513 455 3595 ignavi
470 3513 655 3595 plenissima
670 3509 806 3592 frigoris,
823 3521 856 3572 et
874 3529 945 3590 quae

144 3621 227 3701 lgne
244 3630 340 3680 uacet
355 3639 491 3702 semper,
508 3617 648 3699 caligine
662 3637 788 3698 semper
803 3615 955 3678 abundet.

140 3725 223 3788 Huc
241 3724 301 3786 ubi
316 3723 462 3808 pervenit
479 3719 556 3786 b'elli
571 3721 744 3786 metuenda
759 3719 882 3802 trisago,
