2636 4178
138 229 184 294 72
426 252 545 302 ovm’s
567 251 890 302 umfflonnnosns.

138 404 277 486 Ejeotttt,
294 405 521 488 flammamque
539 405 603 470 fero
618 406 721 470 vomit
737 426 790 470 ore
808 405 998 490 Typhoeus.

140 510 234 593 Saepe
250 512 388 575 remoliri
404 513 542 578 luctatur
558 511 698 594 pondere
713 524 813 591 terrae,

139 617 326 698 Oppidaque
343 627 375 679 et
392 636 526 698 magnos
541 617 711 679 devolvere
727 635 857 698 corpore
873 626 1010 680 montes.

139 721 219 784 lude
237 722 343 784 tremit
360 722 464 801 tellus,
481 735 512 784 et
528 741 584 784 rex
600 731 695 803 pavet
712 721 778 803 ipse
795 720 959 801 silentum,

138 826 186 889 Ne
203 838 308 909 pateat
323 827 450 907 latoque
467 826 571 889 solum
586 837 746 908 retegatur
761 826 862 904 hiatu,
1114 825 1180 888 195

139 917 368 1011 Immissus'que
384 932 452 994 dies
468 931 662 1013 trepidantes
677 941 790 993 terreat
805 931 943 996 umbras.

139 1036 234 1099 Hanc
251 1047 397 1098 metuens
412 1036 537 1099 cladem
553 1036 722 1099 tenebrosi
736 1036 819 1110 sede,
828 1046 984 1118 tyrannus

141 1141 282 1219 Exierat,
297 1160 453 1220 curruque
470 1152 609 1203 atrorum
624 1151 738 1203 vectus
754 1160 910 1221 equorum

139 1246 292 1307 Ambibet
309 1245 429 1308 Siculae
444 1258 558 1308 cautus
574 1243 765 1307 fundamina
779 1256 879 1308 terrae.

141 1349 313 1429 Postquam
330 1350 529 1432 exploratum
545 1350 624 1412 satis
639 1366 687 1412 est
703 1349 774 1411 loca
790 1350 879 1412 nulla
893 1350 1010 1428 labere,
1109 1354 1180 1416 200

140 1454 349 1535 Depositique
367 1466 480 1532 metus,
497 1455 585 1516 videt
602 1456 688 1517 hunc
706 1454 848 1536 Erycina
863 1466 1035 1538 vagantem

140 1559 251 1621 Monte
267 1579 326 1622 suo
342 1559 492 1636 residens,
510 1571 685 1638 natumque
701 1558 851 1641 amplexa
866 1559 1040 1640 volucrem,

141 1667 257 1728 ‘Arme
274 1684 450 1744 manusque
467 1683 557 1741 meae,
575 1684 656 1741 mea,
673 1675 758 1744 nete,
775 1667 940 1748 potentie,'
957 1665 1049 1744 dixit,

141 1770 228 1847 ‘llle,
246 1771 361 1851 quibus
378 1789 506 1851 superas
522 1789 643 1848 omnes,
660 1789 739 1851 cepe
756 1771 828 1848 tela,
845 1769 981 1853 Cupido,

139 1876 240 1956 loque
257 1875 309 1938 dei
325 1888 437 1956 pectus
453 1874 573 1936 celeres
589 1875 700 1938 molire
718 1876 858 1956 sagittas,
1107 1875 1182 1938 205

139 1981 202 2043 Cui
217 1980 349 2062 triplicis
364 1981 458 2041 cessit
474 1977 603 2042 fortuna
617 1981 794 2044 novissima
807 1978 907 2060 regni.

140 2085 194 2147 'ru
212 2104 342 2166 superos
359 2085 528 2165 ipsumque
543 2085 670 2162 Iovem,
687 2097 722 2148 tu
739 2084 873 2148 numine
888 2085 979 2166 ponti

139 2191 232 2254 Victa
246 2190 359 2252 domes
375 2191 552 2271 ipsumque,
569 2192 651 2269 regit
667 2190 722 2270 qui
738 2191 873 2252 numine
888 2191 987 2272 ponti.

139 2295 274 2358 Tartara
288 2294 367 2376 quid
382 2295 529 2357 cessant?
575 2295 640 2358 Cur
656 2315 722 2358 non
738 2294 908 2375 matrisque
925 2306 1080 2374 tuumque

137 2402 313 2483 Imperium
329 2399 471 2482 profers?
517 2399 632 2481 Agitur
648 2419 718 2482 pars
735 2399 828 2462 tertia
843 2399 964 2462 mundi.
1109 2399 1183 2462 210

139 2506 182 2568 Et
199 2518 307 2568 temen
323 2507 357 2568 in
372 2505 464 2584 coelo,
480 2525 551 2586 quae
564 2503 632 2585 jem
648 2505 802 2587 patientie
817 2515 924 2567 nostra
938 2515 996 2582 est,

50 2637 52 2642 ·
140 2611 337 2694 Spernimur,
354 2631 391 2672 ac
407 2631 536 2674 mecum
553 2612 636 2674 vires
652 2611 843 2675 minuuntur
859 2611 995 2672 Amoris,

139 2717 268 2779 Pallade
283 2736 390 2794 nonne
407 2715 498 2777 vides
510 2714 793 2794 joculatrioemque
810 2715 948 2776 Dianam

138 2822 337 2886 Abscessisse
355 2820 459 2882 milri?
506 2821 627 2882 Cereris
643 2819 769 2898 quoque
787 2819 854 2880 filie
869 2820 970 2900 virgo,

140 2927 176 2989 Si
195 2927 358 3008 patiemur,
375 2925 451 2986 erit:
476 2943 550 2986 nam
566 2943 638 3004 spes
654 2921 780 2984 affectat
797 2923 936 2985 easdem.
1108 2923 1184 2986 215

138 3034 181 3094 At
197 3043 233 3093 tu
249 3051 303 3112 pro
319 3031 416 3106 socio,
434 3030 460 3090 si
476 3049 539 3109 qua
555 3041 602 3090 est
618 3049 656 3089 ea
672 3027 781 3109 gretia,
798 3046 907 3109 regno,

138 3137 246 3217 Junge
262 3135 354 3197 deam
373 3137 505 3215 patruo!
553 3133 644 3196 Dixit
662 3131 780 3196 Venus.
829 3133 888 3196 Ille
905 3133 1085 3216 pheretrum

140 3241 254 3315 Solvit,
272 3239 447 3301 eterbitrio
465 3241 573 3302 metris
588 3239 628 3300 de
645 3239 733 3302 mille
750 3239 874 3319 sagittis

139 3345 244 3406 Unam
261 3345 411 3425 seposuit,
428 3345 484 3406 sed
500 3345 562 3425 qua
579 3363 637 3407 nec
654 3343 778 3406 acutior
794 3343 868 3422 ulla,

138 3447 206 3512 Nec
222 3447 353 3512 mimls
345 3461 465 3512 incerta
480 3461 538 3528 est,
552 3469 612 3512 uec
629 3468 699 3530 quae
714 3450 839 3529 magis
833 3448 941 3510 audiat
955 3465 1086 3526 arcurn3
1109 3403 1184 3508 222

139 3554 355 3636 Oppositoque
372 3575 457 3636 genu
473 3556 619 3618 curvavit
631 3555 742 3618 flexile
759 3571 878 3616 cornu:

140 3659 242 3742 Inque
258 3679 313 3723 cor
328 3660 459 3724 hamati
474 3663 630 3744 percussit
643 3658 800 3724 ertrndino
817 3658 935 3722 Ditem.
