2646 4176
155 322 201 390 22
430 348 564 401 -ovnrs
587 351 911 406 uernuonrnosss.

364 663 679 725 nununscnrnorrn
702 667 780 710 ntro
804 670 825 711 n
847 661 984 714 ωηιξη.

516 827 518 830 ·
585 819 637 862 *v.
661 777 737 864 452.
805 797 811 802 ’

155 913 282 979 Primus
297 935 387 980 amor
401 916 518 982 Pnoeui
530 918 670 1002 Daphne
684 921 818 1003 Peneia,
835 942 932 1005 quem
946 945 1014 990 non

154 1019 236 1084 Fors
251 1021 362 1102 ignara
376 1021 474 1102 dedit,
491 1023 548 1086 sed
564 1045 653 1088 saeva
666 1010 838 1110 Cupidinis
854 1031 907 1092 ira
1132 1032 1208 1096 435-

153 1123 269 1188 Delius
284 1126 372 1194 hune
388 1145 491 1210 nuper
504 1128 595 1191 vieto
609 1141 755 1212 serpente
772 1135 927 1216 superbus

152 1228 284 1293 Viderat
299 1218 443 1294 adducto
453 1232 638 1298 flectentem
653 1255 775 1298 oornue
784 1222 898 1317 nervo,

155 1333 331 1416 ‘Quidque
348 1336 418 1415 tibi,
435 1336 554 1400 lascive
571 1358 659 1420 puer,
676 1359 753 1410 eum
767 1335 904 1406 fortibus
919 1345 1059 1409 armis?’

155 1439 309 1504 Dixerat:
335 1440 414 1504 ‘ista
429 1441 544 1506 decent
560 1444 712 1508 humeros
728 1447 908 1536 gestamina
923 1461 1059 1530 nostros,

152 1545 224 1613 Qui
239 1545 313 1610 dare
329 1557 416 1610 certa
430 1533 516 1628 fere,
525 1547 606 1611 dare
623 1550 757 1614 vulnera
771 1573 942 1638 possumus
959 1547 1068 1635 hostis·
1127 1553 1192 1619 440

153 1650 224 1717 Qui
240 1652 337 1715 modo
353 1653 502 1734 pestifero
518 1665 567 1717 tot
579 1653 698 1737 jugera
708 1667 819 1741 ventre
836 1669 1034 1739 prementem

153 1754 335 1819 Stravirnus
351 1751 528 1819 innumeris
544 1759 707 1820 tumidum
723 1759 876 1838 Pythona
890 1761 1037 1839 sagittis!

152 1856 258 1920 Filius
273 1859 351 1920 huie
367 1860 508 1934 Veneris,
544 1859 661 1940 ‘Figat
678 1871 752 1922 tuus
768 1861 885 1938 omnia,
902 1861 1034 1938 Phene,

152 1962 205 2026 'Pe
222 1981 315 2026 meus
331 1963 443 2040 areue,’
459 1962 525 2042 ait3
551 1967 753 2042 ‘quantoque
769 1962 1056 2050 animalia-cedunt

152 2069 278 2130 Cuncta
292 2065 361 2146 tibi,
378 2075 468 2128 tanto
483 2065 590 2129 minor
603 2075 652 2148 est
667 2075 724 2128 tun
738 2066 840 2149 gloria
853 2067 983 2132 nostri)
1126 2069 1194 2133 445

196 2171 300 2251 Dixit,
317 2179 360 2250 et,
376 2169 456 2234 eliso
472 2172 631 2252 pereussis
645 2172 716 2234 a'e're
733 2172 857 2254 pennis,
886 2208 888 2212 ·
980 2248 985 2255 ¹

152 2275 293 2359 Impiger
308 2273 459 2338 umhrosrl
473 2273 603 2340 Parnasi
618 2264 859 2358 cons‘tititarce
922 2337 941 2354 ,,

140 2381 246 2462 'Eque
263 2371 439 2462 sagittiferi
453 2380 607 2463 prompsit
623 2379 689 2444 dno
704 2379 770 2444 tela
783 2381 931 2464 pharetra

151 2485 361 2549 Diversorum
377 2505 529 2568 operum:
554 2483 645 2568 stiget
661 2486 735 2566 hoe,
751 2485 829 2550 facit
844 2485 925 2550 illud
941 2507 1093 2552 amorem.

152 2588 357 2671 Quodam,
374 2601 522 2656 auratum
536 2599 595 2670 est,
612 2601 645 2654 et
659 2581 793 2676 etrspide
803 2591 913 2674 'fulget
928 2593 1043 2674 aeutrl3
1127 2593 1192 2656 450

153 2693 255 2764 Quod
266 2695 368 2778 sugat,
382 2697 535 2760 obtusum
546 2705 605 2776 est,
614 2706 649 2758 et
660 2697 758 2759 habet
771 2697 830 2760 sub
843 2697 1000 2761 arundine
1010 2697 1191 2780 plumbum.

152 2801 226 2864 Hoo
243 2799 323 2863 deus
338 2801 376 2862 in*
389 2798 536 2884 nymphi
550 2800 691 2863 Peneide
708 2800 790 2878 lixit,
807 2810 840 2861 at
856 2801 912 2862 illo

151 2904 252 2968 Laesit
268 2903 454 2986 Apollineas
468 2900 600 2981 trajecta
616 2887 758 2985 perosas
772 2903 939 2967 medullas.

152 3008 302 3072 Protinus
317 3007 397 3071 alter
411 3017 519 3087 amat3
542 3005 627 3088 fugit
642 3007 743 3070 altera
755 2997 876 3078 nomeu
892 3009 1039 3096 amantis,

152 3113 317 3178 Silvarum
332 3112 462 3176 latebris
477 3105 739 3194 captivarumque
755 3110 894 3176 serarum
945 3149 948 3154 -
1126 3113 1194 3178 4ὄό

153 3217 293 3281 Exuviis
310 3216 463 3298 gaudens,
480 3216 688 3298 innuptaeque
704 3209 824 3279 aemula
838 3210 987 3298 Phoebes,

153 3323 242 3388 Vitta
256 3323 425 3384 eodreebat
440 3315 561 3402 positos
576 3321 645 3386 sine
660 3319 733 3402 lege
748 3322 891 3404 capillos.
982 3313 984 3316 ’

152 3428 214 3491 Illa
228 3426 324 3508 fugit,
341 3443 445 3506 neque
461 3424 502 3488 ad
518 3426 588 3488 haee
604 3418 785 3490 revocantis
800 3427 900 3490 verba
912 3425 1042 3490 resistit.

154 3532 335 3614 ‘Nympha
352 3549 470 3612 precor,
488 3529 599 3610 Penei,
616 3550 731 3603 mane:
755 3551 822 3594 non
838 3532 987 3613 insequor
1002 3529 1116 3611 hostis,

152 3636 316 3720 Nympha,
333 3655 437 3697 mane.
486 3634 541 3698 Sic
557 3655 643 3718 agna
656 3635 779 3719 lupum,
793 3637 839 3700 sio
855 3655 950 3700 cerva
964 3637 1103 3717 leonem,
1128 3635 1194 3704 460

155 3741 210 3804 Sic
226 3739 366 3822 aquilam
382 3741 488 3823 penne
502 3739 632 3825 fugiunt
648 3740 826 3826 trepidante
840 3741 1023 3822 columbae;
