2646 4176
627 293 726 346 BOOK
747 293 769 346 I.

183 445 346 527 Tendere,
362 467 430 512 non
445 447 569 528 habuit,
586 467 658 530 quae
673 449 804 513 brachia
819 449 962 514 tenderet
978 449 1065 532 Argo
1080 469 1087 529 ς

188 551 231 614 Et
245 563 361 630 conata
375 553 466 634 queri
480 555 625 636 mugitus
640 554 743 618 edidit
759 574 823 634 ore,

82 685 86 694 ·
187 649 417 738 Pertimuitque
433 676 539 738 sonos,
556 659 743 742 propriaque
759 658 910 722 exterrita
926 679 1004 723 voce
1021 666 1078 722 est.

228 763 325 826 Venit
341 773 373 825 et
388 763 429 825 ad
446 764 537 846 ripas,
554 764 611 827 ubi
626 764 735 828 ludere
751 783 837 847 saepe
853 763 984 843 solebat,
1157 763 1222 826 525

185 867 356 932 Inachidas
370 868 473 951 ripar;
498 889 645 951 novaque
661 880 697 932 ut
712 870 883 953 oonspexit
897 869 932 933 in
947 869 1035 934 unda

183 974 322 1052 Cornua,
340 973 513 1056 pertimuit,
531 993 628 1055 seque
644 984 826 1038 exsternata
840 973 969 1058 refugit.

180 1073 306 1143 NaIdes
322 1079 478 1161 ignorant,
495 1079 620 1161 ignorat
635 1091 667 1143 et
683 1080 824 1144 Inachus
839 1080 918 1162 ipse,

181 1184 271 1250 Quae
288 1184 339 1246 sit.
387 1185 430 1247 At
446 1183 503 1246 illa
516 1194 637 1267 patrem
653 1186 805 1267 sequitur,
822 1187 1028 1267 sequiturque
1044 1203 1176 1262 sorores,

183 1290 229 1351 Et
245 1288 365 1371 patitur
381 1290 479 1370 tangi,
496 1309 594 1372 seque
609 1290 841 1354 admirantibus
857 1291 959 1354 offert.
1156 1287 1222 1352 530

172 1373 359 1476 beeerptas
374 1394 479 1458 senior
494 1406 674 1477 porrexerat
690 1397 831 1459 Inachus
847 1397 980 1476 herbas3

190 1498 254 1560 Illa
266 1518 375 1562 manus
390 1499 513 1578 lambit,
530 1501 701 1583 patriisque
716 1499 771 1562 dat
787 1500 897 1562 oscula
912 1499 1037 1581 palmis,

194 1601 262 1665 Nec
278 1604 384 1668 retinet
400 1604 578 1686 lacrymas,
602 1615 645 1683 et,
663 1604 689 1666 si
706 1603 804 1668 modd
819 1605 917 1667 verba
932 1613 1116 1684 sequantur,

190 1709 266 1772 Oret
281 1727 382 1792 opem,
399 1728 582 1791 nomenque
598 1729 693 1774 suum
710 1729 867 1791 casusque
881 1709 1038 1790 loquatur.
1150 1751 1153 1756 ·

182 1813 307 1877 Littera
323 1834 377 1896 pro
395 1816 508 1895 verbis,
525 1833 622 1896 quam
638 1816 742 1898 pasin
758 1815 889 1899 pulvere
905 1815 1009 1892 duxit,
1157 1811 1223 1876 535

182 1919 332 2002 Corporis
347 1918 505 1982 iudicium
520 1923 635 1984 mutati
652 1921 739 1984 triste
756 1922 887 2004 peregit.

184 2024 258 2087 ‘Me
277 2024 430 2086 miserum
442 2025 470 2087 l’
486 2025 751 2108 exclamat'pater
767 2027 919 2107 Inachus,
936 2028 1033 2106 inque
1049 2021 1208 2108 gementis

182 2130 346 2193 Cornibus
361 2139 393 2192 et
408 2129 513 2192 niueae
529 2131 674 2212 pendens
688 2133 814 2211 cervice
827 2129 988 2211 juvenca,

184 2235 258 2297 ‘Me
274 2233 428 2297 miserum
439 2237 466 2296 !²
484 2233 670 2317 ingeminat.
694 2237 827 2300 cTune
839 2257 875 2300 es
886 2236 1021 2318 quaesita
1032 2253 1087 2318 per
1099 2251 1221 2309 omnes,

180 2337 278 2418 Nata,
294 2339 376 2402 mihi
391 2340 509 2402 terras?
556 2341 612 2404 Tu
628 2361 694 2404 non
710 2344 842 2404 inventa
857 2340 980 2424 reperti
1157 2335 1222 2399 540
1302 2401 1306 2410 .

185 2444 311 2508 Luctus
326 2447 394 2506 eras'
408 2443 520 2508 levior.
567 2446 710 2525 Retices,
726 2467 787 2508 nec
802 2456 917 2508 mutua
931 2445 1047 2507 nostris

186 2549 283 2612 Dicta
297 2548 412 2629 refers3
436 2549 501 2613 alto
517 2551 642 2612 tantum
658 2550 793 2632 suspiria
807 2549 900 2611 ducis

185 2655 338 2734 Pectoreq
361 2654 510 2736 quodque
527 2674 630 2718 unum
646 2665 745 2737 potes,
762 2653 803 2716 ad
818 2671 893 2716 mea
907 2653 1005 2744 verba
1022 2651 1173 2732 remugis.

184 2759 254 2822 Nec
271 2759 361 2822 finire
376 2759 453 2822 licet
469 2761 669 2823 tantos·mihi
685 2771 786 2824 morte
802 2759 948 2838 dolores;
1216 2749 1218 2756 ’

186 2865 253 2928 Sed
269 2877 364 2930 nocet
380 2885 450 2928 esse
467 2865 574 2945 deum,
590 2866 809 2948 praeclusaque
821 2864 922 2946 janua
937 2864 994 2926 leti
1158 2859 1223 2924 545

184 2971 357 3034 AEternum
373 2982 498 3034 nostros
513 2970 620 3034 luctus
635 2970 782 3034 extendit
798 2973 832 3034 in
848 2972 979 3033 aevnm’

185 3075 285 3138 'I'alia
299 3088 488 3138 maerentem
504 3075 647 3138 stellatus
663 3077 833 3138 submovet
850 3078 964 3156 Argus,

185 3181 405 3264 Ereptamqua
421 3181 503 3262 patri
517 3181 644 3244 diversa
659 3181 692 3244 iu
709 3199 827 3262 pascua
843 3191 951 3243 natam

184 3286 362 3350 Abstrahit.
410 3287 481 3367 Ipse
497 3284 607 3368 procul
623 3285 743 3348 montis
758 3285 896 3349 sublime
911 3301 1069 3347 cacumen
1170 3289 1173 3298 “

184 3391 343 3474 Occupat,
359 3390 446 3453 unde
462 3390 578 3454 sedena
594 3402 699 3472 partes
714 3391 896 3472 speculatur
911 3391 944 3453 in
961 3409 1082 3452 omnes.
1160 3385 1226 3448 550

184 3495 254 3560 Nec
270 3494 421 3578 supeulm
436 3506 538 3558 rector
553 3496 640 3560 mala
654 3505 745 3559 tanta
760 3494 961 3558 Phoronidos
975 3494 1059 3556 ultra

184 3599 288 3666 Ferre
304 3611 418 3684 potest,
435 3612 609 3683 natumque
625 3612 730 3680 vocat,
747 3619 844 3685 quem
860 3599 969 3662 lucida
984 3609 1075 3680 partu
1117 3611 1119 3614 ·

185 3707 295 3771 Pleias
311 3707 407 3771 enixa
422 3718 481 3787 est,
497 3707 625 3789 letoque
641 3707 707 3785 det,
724 3705 867 3788 imperat,
884 3706 1017 3784 Argum.
1116 3729 1122 3736 ·
