2646 4176
593 286 693 338 BOOK
714 287 762 338 lv.

150 444 248 526 Rege
264 441 326 504 sub
343 439 407 504 boc
422 451 455 504 et
472 451 589 525 pontus
605 451 682 520 erat,
698 443 755 523 qui
771 443 847 506 solis
863 443 989 508 anhelis

156 547 299 628 Elquere
313 547 424 610 subdit
440 548 539 628 equis,
557 557 589 609 et
604 547 705 610 fessos
720 549 839 631 exeipit
854 569 940 612 axes.

161 653 249 716 blille
264 671 380 735 greges
396 651 444 714 illi
460 652 660 732 totidemque
677 663 822 716 armenta
837 674 892 736 per
906 654 1021 718 herbas

165 758 328 835 Errabant,
346 767 384 820 et
394 758 532 820 humum
547 757 669 820 vicinia
684 757 774 820 nulla
789 759 953 841 premebat

165 865 309 927 Arboreae
324 861 454 926 frondes
469 881 545 926 auro
560 863 702 926 radiante
717 865 859 928 nitentes
995 927 997 932 ,
1131 863 1198 928 280

164 969 215 1032 Ex
229 987 307 1032 auro
323 987 437 1047 muros,
454 987 497 1032 ex
511 987 587 1031 auro
603 987 699 1058 poma
714 969 876 1052 tegebant.

45 1081 52 1096 ‘
161 1075 332 1156 ‘Hospes'
348 1073 392 1134 ait
408 1073 542 1136 Perseus
557 1073 615 1151 illi,
633 1080 709 1137 ‘seu
724 1074 826 1156 gloria
842 1075 944 1158 tangit

158 1179 210 1244 'I'e
226 1179 357 1262 generis
370 1178 491 1260 magni,
507 1179 633 1260 generis
647 1179 729 1242 mihi
744 1181 869 1262 Jupiter
883 1191 1004 1259 auctor,

158 1285 238 1349 Sive
253 1305 291 1347 es
306 1284 435 1346 mirator
450 1302 566 1360 rerum,
582 1285 738 1348 mirabere
754 1297 895 1348 nostras:

159 1389 350 1472 Hospitium
364 1388 570 1470 requiemque
586 1392 681 1472 peto!
728 1391 852 1454 Memor
866 1391 921 1454 ille
937 1399 1073 1453 vetustae
1132 1389 1199 1452 285

167 1494 269 1558 Sertis
284 1504 367 1556 erat:
391 1493 547 1577 (Themis
563 1496 647 1558 hane
663 1493 795 1558 dederat
810 1495 962 1558 Parnasia
976 1495 1110 1580 sortem)

171 1599 342 1680 ‘Tempus
356 1599 441 1680 Atia,
459 1600 578 1678 veniet,
595 1611 652 1662 tua
666 1618 731 1679 quo
747 1599 934 1682 spoliabitur
949 1619 1026 1662 auro

168 1703 281 1781 Arbor,
297 1715 325 1766 et
340 1705 426 1768 hunc
443 1705 557 1787 praedae
574 1704 705 1768 titulum
720 1705 802 1771 Jove
818 1715 913 1782 natus
929 1704 1083 1768 babebit'

163 1809 203 1874 ld
220 1820 373 1889 metuens,
390 1809 500 1873 solidis
516 1811 657 1892 pomaria
671 1810 827 1874 clauserat
843 1810 934 1876 Atlas

158 1912 335 1995 Moenibus,
352 1926 385 1981 et
400 1926 491 1979 vasto
506 1915 636 1978 dederet
652 1915 808 1980 servande
821 1917 961 1996 draconi,
1132 1915 1199 1980 290

159 2021 362 2102 Areebatque
378 2025 444 2084 suis
459 2005 744 2086 externos'finibus
760 2043 881 2086 omnes.

163 2127 251 2189 Huic
268 2145 406 2208 quoque,
424 2127 530 2190 ‘Vade
548 2127 667 2209 procul,
684 2147 724 2190 ne
740 2128 836 2210 longe
853 2128 954 2210 glorie
968 2145 1084 2206 rerum,

161 2231 256 2300 Quas
273 2232 439 2315 mentiris,'
455 2233 510 2311 ait,
528 2232 642 2314 ‘longe
659 2233 718 2296 tibi
733 2233 858 2316 Jupiter
873 2233 977 2295 absit!

160 2335 301 2418 Vimque
317 2336 414 2400 minis
429 2336 528 2417 addit,
545 2339 757 2419 manibusque
773 2338 933 2420 expellere
949 2349 1052 2401 tentet

145 2443 381 2533 'Cunctantem
396 2452 428 2506 et
444 2443 578 2525 placidis
592 2431 784 2506 miscentem
800 2442 894 2506 fortia
908 2443 1012 2506 dictis.
1134 2442 1200 2505 295

160 2545 293 2611 Viribus
308 2546 447 2626 inferior,
464 2548 551 2631 (quis
566 2549 653 2613 euim
670 2569 726 2631 per
739 2559 823 2610 esset
840 2547 979 2610 Atlantis

160 2654 330 2740 Viribusl)
377 2655 439 2716 ‘At
454 2655 608 2734 quoniam
623 2654 713 2736 parvi
729 2652 788 2715 tibi
804 2653 905 2734 gratia
920 2663 1027 2715 nostra
1043 2663 1100 2731 est,

159 2758 283 2840 Accipe
300 2762 439 2840 munus,'
454 2759 518 2839 ait3
543 2759 688 2840 leveque
705 2779 724 2820 a
739 2769 825 2842 parte
841 2757 987 2820 Medusae
1173 2741 1177 2746 ⁵

160 2865 235 2946 Ipse
251 2875 446 2928 retroversus
460 2864 641 2946 squalentia
655 2865 786 2948 protulit
803 2883 865 2928 ora.

161 2970 318 3038 Quantus
326 2981 402 3050 erat,
414 2989 507 3034 mons
517 2970 621 3034 factus
631 2971 739 3034 Atlas:
755 2989 831 3034 narn
842 2971 1111 3051 barbacomaeque
1136 2967 1201 3032 300

160 3075 201 3138 Iu
218 3075 316 3138 silvas
331 3077 451 3140 abeunt
465 3097 473 3156 ;
493 3074 575 3158 juga
590 3089 666 3142 sunt
681 3079 870 3157 humerique
884 3095 1081 3158 manusqne3

159 3180 264 3250 Quod
279 3191 375 3264 caput
390 3183 465 3245 ante
482 3180 554 3260 fuit,
571 3201 698 3245 summo
714 3194 763 3246 est
779 3183 812 3246 in
829 3194 939 3246 monte
955 3201 1132 3260 cacumeu3

158 3286 243 3348 Ossa
258 3285 339 3368 lapis
354 3285 447 3350 fiunt.
495 3287 588 3350 'I'um
603 3299 707 3370 partes
722 3300 836 3352 auctus
853 3288 886 3349 in
903 3307 1015 3352 omues

157 3390 272 3455 Crevit
289 3391 323 3454 iu
339 3391 545 3472 immensum,
562 3391 624 3474 (sic
640 3391 674 3454 dl
690 3393 862 3480 statuistis)
878 3403 911 3455 et
927 3411 1024 3455 omne

156 3498 248 3588 Cum
264 3505 313 3562 tot
329 3495 487 3562 sideribus
501 3497 621 3561 coeluru
636 3499 794 3578 requievit
811 3500 845 3560 iu
861 3497 925 3560 illo.
958 3527 986 3592 s
1137 3494 1203 3558 305

474 3604 495 3667 6
