2636 4178
120 227 164 292 78
395 250 525 335 hovms
547 253 866 305 ammonrnosas.

122 402 286 486 Ingemuit
301 403 413 486 regina
428 405 536 486 Erebi,
553 383 738 490 testemque.
749 407 918 491 profanum
1088 403 1154 468 380

124 509 215 571 Fecit
231 527 335 587 avem,
353 529 558 591 sparsumque
571 493 670 594 xcaput
686 511 958 595 Phlegethontide
974 509 1111 593 lymphi

124 613 160 678 ln
176 623 313 676 rostrum
329 625 362 676 et
377 613 502 696 plumas
517 627 549 678 et
565 617 698 698 grandia
713 618 834 681 lumina
849 618 953 680 vortit.

125 717 180 780 Ille
197 717 258 779 sibi
274 718 399 782 ablatus
414 717 512 782 fulvis
527 721 676 790 amicitur
690 722 731 784 ab
746 722 816 800 alia,

126 823 224 902 [nque
239 831 335 904 eaput
351 823 475 902 crescit,
491 823 667 906 longosque
683 825 857 890 reflectitur
872 844 1008 907 ungues,

126 925 248 1007 Vixque
264 938 374 989 movet
390 938 480 990 natas
496 949 549 1010 per
565 930 679 992 inertia
692 930 821 994 brachia
836 917 980 1014 pennatos
1092 927 1157 990 385

123 1030 287 1112 Foedaque
304 1032 341 1094 fit
356 1031 505 1111 volueris,
522 1035 649 1097 venturi
665 1037 780 1098 nuntia
794 1034 910 1114 luctus,

123 1137 264 1218 Ignavus
281 1137 376 1216 bubo,
393 1137 497 1201 dirum
513 1139 701 1202 mortalibus
717 1159 821 1203 omen.
841 1155 868 1226 s

167 1242 210 1305 At
224 1241 351 1306 medius
366 1241 530 1322 fratrisque
546 1243 596 1307 sui
612 1255 798 1326 moestaequo
814 1245 928 1308 sororis
945 1317 947 1322 ,

122 1347 246 1428 Jupiter
261 1367 303 1410 ex
318 1366 410 1428 aequo
426 1347 612 1411 volventem
627 1349 743 1440 diuidit
759 1367 890 1414 annum.
978 1419 980 1424 ,

123 1451 219 1516 Nunc
235 1451 306 1531 dea,
322 1472 494 1534 regnorum
509 1473 630 1516 numen
646 1473 818 1517 commune
835 1455 982 1533 duorum,
1094 1453 1159 1516 390

124 1557 209 1628 Cum
225 1570 323 1620 matre
339 1566 387 1620 est
404 1557 548 1637 totidem,
565 1557 700 1621 totidem
715 1578 791 1622 cum
808 1558 947 1643 conjuge
962 1545 1099 1624 mensas.

110 1663 265 1746 'Vertitur
279 1662 443 1745 extemplo
458 1660 558 1725 facies
572 1673 605 1724 et
622 1663 740 1726 montis
755 1675 788 1728 et
804 1665 886 1748 oris:

125 1767 219 1845 Nam,
235 1767 332 1830 modo
347 1787 418 1847 quae
435 1778 556 1850 potarat
573 1765 642 1832 Diti
657 1768 783 1849 qubqua
799 1779 912 1833 maesta
926 1769 1037 1848 videri,

125 1871 217 1934 Laeta
231 1872 300 1936 deae
317 1871 405 1936 frons
421 1883 488 1934 est:
513 1883 549 1935 ut
564 1872 623 1950 sol,
639 1875 695 1953 qui
710 1884 815 1936 tectus
830 1873 960 1954 aquosis

124 1976 273 2040 Nubibus
287 1983 362 2042 anto
377 1976 450 2058 fuit,
468 1977 561 2041 victis
577 1977 633 2040 ubi
649 1979 788 2041 nubibus
804 1980 880 2041 exit.
883 2007 934 2120 s
1095 1976 1161 2040 395

463 2290 814 2306 m

510 2531 662 2598 BOOK
700 2531 773 2598 VI.

424 2779 492 2822 THE
517 2779 652 2822 limum
674 2780 715 2821 01·
739 2779 848 2822 NIOBE·

574 2935 604 2975 v.
634 2912 705 2975 148.

127 3038 211 3100 Anto
228 3053 302 3098 suos
317 3033 420 3096 Niobe
437 3034 596 3097 thalamos
611 3044 807 3115 cognoverat
824 3032 922 3112 illam,

126 3139 224 3203 Tunc
240 3137 316 3202 oum
332 3138 505 3202 Maeoniam
523 3139 612 3220 virgo
630 3137 844 3220 Sipylumque
860 3139 1006 3220 oolabat3

124 3245 192 3308 Neo
208 3255 317 3308 tamen
332 3244 497 3308 admonita
512 3255 562 3308 ast
579 3244 674 3326 poeni
692 3242 852 3326 popularis
867 3246 1033 3309 Arachnes

124 3351 246 3413 Cedere
262 3349 423 3414 ooelitibua
439 3350 607 3429 verbisque
624 3349 801 3413 minoribus
817 3350 874 3412 uti.

125 3454 230 3518 Multa
244 3455 363 3518 dabant
378 3455 523 3534 animos;
548 3454 605 3518 sad
621 3455 707 3518 onim
724 3473 784 3518 neo
800 3452 949 3536 conjugis
963 3464 1047 3518 artos

124 3559 192 3622 Neo
208 3579 310 3642 genus
326 3560 494 3624 amborum
510 3562 682 3642 magnique
699 3560 843 3643 potantia
856 3560 948 3640 regni

126 3664 181 3729 Sic
197 3665 342 3748 placuero
360 3664 415 3745 illi,
433 3666 581 3747 quamvis
595 3685 635 3730 aa
649 3676 767 3729 cuneta
783 3663 953 3747 placarent,
