2636 4178
568 269 669 320 BOOK
691 267 770 320 xm.

157 431 244 496 Haec
261 429 310 492 illi
325 447 476 492 mensure
490 427 560 491 viro
576 425 759 509 respondet,
775 437 807 490 et
823 427 893 492 haec
910 437 960 518 est

158 537 220 600 Par
236 535 306 614 tibi,
325 533 446 613 Pelide,
464 553 524 597 nec
541 533 652 596 inania
668 532 805 596 Tartara
820 533 927 596 sentit.

163 645 233 724 lpse
249 642 359 720 etiam,
376 651 423 718 ut,
439 635 534 720 eujus
548 637 655 718 fuerit,
672 655 865 720 cognoscere
881 639 993 721 possis,

167 747 256 810 Bella
269 757 380 809 movet
395 745 540 828 clypeus,
557 743 662 825 deque
678 743 775 807 armis
789 764 878 807 erma
892 743 1049 808 feruntur.

164 851 238 917 Non
252 873 290 915 ea
304 849 464 933 Tydides,
481 869 547 914 non
561 848 660 913 audet
676 849 788 913 Oileus
803 847 898 931 njax,
1139 853 1201 916 160

163 957 238 1022 Non
253 958 355 1020 minor
372 955 509 1035 Atrides,
526 961 593 1018 non
610 955 695 1018 bello
711 953 813 1036 major
827 968 860 1019 et
876 975 948 1020 aevo

160 1063 307 1140 Poscere,
324 1083 388 1124 non
405 1063 481 1125 alii:
505 1060 565 1124 soli
582 1061 762 1124 Telamone
778 1072 884 1125 creato

157 1169 340 1248 Laerteque
356 1165 418 1230 fuit
436 1179 534 1230 tentae
551 1163 672 1229 fiducia
686 1165 798 1230 laudis.

157 1277 189 1338 A
204 1294 240 1336 se
257 1271 449 1336 Tantalides
465 1291 547 1334 onus
563 1271 783 1351 invidiamque
799 1274 946 1354 removit,

161 1378 391 1460 Argolicosque
408 1378 507 1440 duces
521 1377 637 1440 mediis
652 1376 818 1440 considere
833 1380 944 1443 castris
1136 1381 1199 1445 155

165 1485 275 1564 lussit,
291 1495 322 1546 et
338 1483 505 1546 arbitrium
521 1481 586 1546 litis
602 1480 727 1563 trajecit
743 1483 777 1545 in
793 1501 915 1546 omnes.

501 1796 853 1812 m

518 2040 668 2148 Boot<
707 2041 837 2106 XIII.

260 2269 405 2314 comesu*
429 2269 638 2331 concertante
660 2273 729 2315 THE
753 2273 835 2315 Antra
859 2273 899 2314 01·
925 2271 1096 2316 neuma.

637 2441 726 2458 -1

464 2641 469 2652 .
524 2583 652 2626 SPBEGH
677 2583 717 2625 Οἳ
741 2583 829 2625 Atax.

636 2741 663 2782 v.
693 2719 720 2782 l.

157 2839 340 2906 Consedere
356 2839 466 2920 duces,
483 2853 526 2919 et,
544 2841 633 2924 vulgi
650 2852 755 2904 stante
771 2841 898 2921 corone,

160 2943 273 3028 Surgit
288 2945 330 3008 ad
345 2947 405 3009 hos
419 2947 527 3029 clypei
542 2947 693 3010 dominus
708 2947 925 3030 septemplicis
941 2947 1035 3029 Ajax.

161 3049 268 3131 thue
284 3061 350 3114 erat
366 3051 536 3134 impatiens
552 3052 616 3131 irae,
634 3052 744 3135 Sigeia
759 3065 850 3116 torvo

163 3152 270 3218 Litora
284 3157 423 3239 respexit
439 3156 636 3237 classemque
653 3159 687 3220 in
702 3157 794 3220 litore
811 3157 915 3234 vultu,

160 3259 400 3341 Intendensque
417 3281 541 3340 manuS,
560 3262 725 3345 ‘Agimus
743 3263 798 3345 prd
813 3263 937 3346 Jupiter
948 3265 976 3326 l’
992 3265 1108 3344 inquit,
1176 3265 1197 3327 e

161 3367 266 3428 ‘Ante
283 3377 367 3428 rates
382 3385 513 3429 causam
523 3387 531 3446 ;
555 3379 588 3429 et
604 3387 735 3432 mecum
751 3366 914 3431 confertur
931 3368 1062 3462 Uliaes!

158 3471 203 3534 Ar
220 3489 286 3534 non
304 3471 473 3534 Hectoreis
489 3471 650 3535 dubitavit
665 3473 777 3536 cedere
793 3472 943 3554 flammis,

158 3577 255 3646 Quas
271 3595 332 3658 ego
349 3577 498 3655 sustinui,
515 3597 593 3658 quas
610 3575 675 3641 hae
686 3599 706 3640 a
721 3578 821 3641 classe
837 3576 958 3661 fugavi.

159 3681 286 3744 Tutius
301 3693 348 3744 est
365 3683 463 3762 igitur
480 3683 563 3745 lictis
578 3673 772 3746 contendere
789 3685 904 3765 verbis,

160 3785 275 3854 Quem
292 3805 432 3868 pugnare
448 3807 556 3850 manu.
606 3787 671 3850 Sed
687 3807 746 3851 nec
764 3790 844 3852 mihi
861 3790 966 3854 dicere
984 3807 1175 3874 promptum,
