2636 4178
128 263 197 332 ,112
260 245 265 254 ’
429 283 893 342 cvmsuurauoaruosus..

129 441 324 525 Hesperidas
339 439 476 505 donasse
493 451 606 523 putes;
632 439 659 502 si
675 440 820 522 postibus
834 440 908 504 altis

129 546 284 615 Admovit
300 547 428 630 digitos,
445 559 551 629 postes
566 545 684 608 radiare
701 545 858 609 videntur.

129 652 188 714 llle
204 654 301 716 etiam
317 643 446 734 liquidis
462 651 583 733 palmas
600 649 654 712 ubi
670 651 788 713 laverat
804 651 910 732 undis,

130 756 225 822 Unda
239 757 343 821 fluens
359 757 472 840 palmis
489 755 622 817 Danaen
638 755 765 818 eludere
782 768 897 837 posset.

174 863 236 926 Vix
252 883 324 946 spes
339 864 406 945 ipse
423 881 496 923 suas
512 861 619 923 animo
636 861 731 942 capit,
748 880 844 923 aurea
860 862 988 945 fingens
1122 866 1166 930 30

130 967 256 1031 Omnia.
303 965 466 1029 Gaudenti
483 985 609 1028 mensas
625 965 757 1048 posuere
773 965 921 1042 ministri,

131 1071 320 1134 Exstructas
335 1071 481 1154 dapibus,
500 1091 559 1133 nec
575 1082 669 1132 tostae
683 1069 785 1152 frugis
801 1083 941 1154 egentes.

131 1175 222 1240 Tum
238 1176 312 1240 vero
327 1177 395 1240 sive
412 1175 466 1238 iile
482 1176 542 1240 sut
556 1175 699 1241 Cerealia
714 1175 828 1240 dextris

130 1281 268 1344 Munera
279 1282 455 1363 contigerat
467 1301 474 1360 ;
500 1280 645 1347 Cerealia
658 1280 744 1342 dona
759 1261 927 1362 rigebadt3

131 1384 209 1449 Sive
225 1384 322 1468 dapes
337 1385 432 1449 avido
446 1385 630 1450 convellere
646 1385 742 1450 dente
758 1387 906 1468 parabat;
1123 1389 1167 1454 35

132 1489 268 1554 Lamina
282 1489 374 1554 fulva
388 1491 485 1574 dapes
501 1489 631 1556 admoto
647 1489 743 1554 dente
758 1491 931 1573 premebat.

130 1594 305 1688 Miscuerat
319 1597 406 1678 puris
421 1607 585 1660 auctorem
602 1597 742 1660 muneris
757 1596 871 1676 undis;

132 1701 251 1776 Fusiis,
259 1721 314 1784 per
328 1702 428 1782 rictus
443 1721 558 1764 aurum
573 1702 696 1766 fluitare
714 1701 846 1766 videres

175 1806 343 1869 Attonitus
357 1807 500 1870 novitate
516 1806 603 1884 mali,
619 1806 773 1885 divesque
789 1807 948 1886 miserque

132 1910 283 1993 Effugere
299 1920 387 1992 optat
403 1930 489 1992 opeS,
506 1921 550 1988 et,
566 1929 638 1991 quae
655 1909 751 1972 modo
767 1922 908 1990 voverat,
924 1910 1001 1976 odit.
1120 1907 1165 1973 40

131 2016 234 2096 Copia
247 2014 337 2077 nulla
351 2012 471 2078 samem
486 2013 625 2094 relevat;
649 2014 718 2078 sitis
733 2014 820 2076 arida
835 2027 947 2097 guttur

124 2120 214 2197 Urit,
231 2129 264 2181 et
280 2119 384 2183 inviso
400 2119 533 2183 meritus
549 2129 713 2199 torquetur
727 2119 767 2181 ab
783 2139 870 2206 auro.

132 2223 184 2286 Ad
200 2222 381 2305 coelumqua
399 2242 513 2288 manus
528 2233 561 2288 et
576 2223 744 2306 splendida
758 2225 889 2288 brachia
903 2224 1030 2306 tollens,

134 2329 205 2391 ‘Da
219 2327 359 2409 veniam,
376 2329 495 2392 Lenaee
511 2339 621 2413 pater,
645 2329 872 2412 peccavimus,’
889 2331 1013 2410 inquit3

134 2432 219 2496 ‘Sed
235 2433 394 2513 miserere,
411 2454 528 2517 precor,
546 2435 753 2518 speciosoque
770 2436 855 2517 eripe
871 2434 1013 2498 damno)
1127 2433 1170 2496 to

133 2538 214 2602 Mite
229 2537 325 2603 deum
342 2536 462 2604 numen
480 2541 628 2610 Bacchus
644 2541 791 2623 peccissc
807 2538 962 2604 fatentem

132 2644 298 2724 Restituit,
314 2643 454 2726 factique
471 2644 579 2724 fidem,
596 2644 672 2708 data
687 2664 828 2726 munera,
844 2645 951 2709 solvit.

134 2750 242 2811 ‘Nave
260 2750 343 2812 male
360 2760 467 2831 optato
484 2749 828 2826 maneasxcircumlitus
843 2769 931 2828 auro,

132 2851 242 2933 Vade,’
258 2855 313 2930 ait,
332 2853 391 2915 ‘ad
406 2853 532 2933 magnis
547 2853 692 2916 vicinum
710 2853 866 2918 Sardibus
881 2873 1020 2932 amnem,

132 2957 254 3037 Perque
267 2955 384 3038 jugum
400 2957 475 3039 ripae
492 2955 674 3020 labentibus
689 2958 805 3022 ebrius
822 2958 917 3022 undis
1126 2958 1170 3019 50

132 3064 234 3144 Carpe
251 3062 348 3141 viam,
365 3060 467 3125 donec
484 3061 595 3126 venias
610 3062 651 3124 ad
666 3061 808 3128 fluminis
824 3077 920 3142 ortus,
1021 3100 1030 3114 κ

133 3167 389 3250 Spumigeroque
405 3176 498 3230 tuum
514 3165 606 3244 fonti,
623 3168 686 3247 quir
700 3167 855 3249 plurimus
870 3170 948 3248 exit,

134 3271 245 3336 Subde
261 3282 367 3355 caput,
384 3291 560 3354 corpusque
577 3273 683 3352 simul,
701 3273 796 3336 simul
812 3273 885 3336 elue
901 3273 1046 3336 crimen!
1145 3293 1148 3300 ·

133 3376 207 3440 Rex
218 3375 316 3455 jussae
332 3376 475 3440 succedit
490 3396 591 3456 aquae.
640 3376 696 3440 Vis
709 3397 805 3440 aurea
820 3379 918 3441 tinxit
963 3417 968 3431 ι

133 3481 283 3560 Flumen,
299 3492 331 3544 et
348 3483 490 3547 humano
506 3482 546 3544 de
560 3501 690 3564 corpore
706 3484 801 3547 cessit
817 3483 850 3546 in
866 3499 1005 3545 amnem.
1128 3481 1169 3542 55

131 3585 227 3650 Nunc
243 3585 368 3665 quique
381 3584 448 3664 jam
466 3587 582 3649 veteris
598 3599 745 3669 percepto
759 3589 881 3650 semine
898 3607 992 3651 verrae

132 3694 220 3756 Arva
234 3690 339 3772 rigent
353 3708 430 3752 auro
448 3691 585 3754 madidis
601 3691 755 3786 pallentia
770 3690 884 3774 glebis.
