2636 4178
613 269 713 324 eoos
739 269 801 322 vu.
1180 243 1225 310 93

181 435 262 503 Qua
279 452 313 496 se
330 448 470 509 cumque
485 428 570 492 aeier
585 426 752 491 oculorum
767 425 909 505 flexerat,
927 423 996 490 illle

183 538 310 620 Vulgus
326 545 393 598 eret
410 543 555 612 stratum,
572 532 765 598 volaticum
783 532 887 614 putria
902 532 998 594 motis
1159 529 1226 594 205

188 644 287 706 Poma
300 640 424 704 cadunt
439 639 545 717 ramis,
561 638 743 721 agitatisque
760 637 833 702 ilice
850 636 992 720 glandes.

193 747 329 828 Templa
346 743 436 807 vides
451 745 571 822 contra,
589 743 740 824 gradibus
756 741 910 806 sublimia
923 741 1047 824 longis:

192 853 312 934 Jupiter
328 850 384 912 illa
399 860 496 912 tenet.
544 849 631 917 Quis
647 869 713 912 non
728 848 882 911 altaribus
897 847 974 910 illis·

192 957 282 1022 Irrita
297 967 369 1019 tura
384 953 494 1018 dedit?
517 954 644 1036 quoties
659 973 715 1036 pro
730 952 870 1036 conjuge
887 951 1019 1033 conjux,

189 1063 249 1126 Pro
265 1072 343 1125 nato
359 1061 484 1142 genitor
499 1060 577 1122 dum
594 1061 691 1122 verba
706 1059 867 1142 precantia
882 1058 971 1138 dicit,
1161 1058 1227 1123 210

186 1168 260 1232 Νοη
277 1165 416 1229 exoratis
432 1165 573 1228 animam
590 1164 697 1228 finivit
713 1165 746 1228 iu
762 1165 833 1243 aris,

185 1275 292 1352 Inque
306 1290 406 1333 manu
423 1271 501 1334 turis
518 1290 588 1352 pars
604 1271 831 1353 inconsumpta
845 1280 967 1353 reperta
981 1271 1047 1334 est!

190 1378 323 1442 Admoti
338 1375 463 1456 quoties
478 1375 615 1458 templis,
632 1375 711 1438 dum
726 1385 802 1438 vota
817 1375 963 1438 sacerdos

194 1483 351 1562 Concipit,
367 1492 399 1544 et
414 1479 522 1544 fundit
539 1501 650 1563 purum
668 1481 752 1546 inter
766 1499 886 1542 eornua
901 1479 1031 1558 vinum,-

197 1587 298 1650 Haud
310 1597 490 1668 exspectato
506 1579 692 1649 oeciderunt
709 1585 842 1648 vulnere
858 1585 958 1646 tauri!
1161 1584 1227 1650 215

197 1693 270 1773 lpse
286 1711 343 1772 ego
357 1712 444 1754 sacra
459 1692 535 1782 Jopi
550 1710 606 1773 pro
622 1711 673 1754 me
690 1690 856 1773 patriique
872 1689 1035 1770 tribusque

193 1797 274 1860 θύη]
290 1795 426 1860 facerem
443 1798 537 1874 uatis,
554 1797 699 1876 mugitus
716 1795 847 1858 victima
862 1794 948 1858 diros

190 1901 313 1980 Edidit,
328 1914 360 1964 et
376 1902 489 1965 subito
498 1901 638 1984 collapsa
652 1901 722 1964 sine
739 1901 857 1965 ictibus
873 1900 948 1964 ullis

188 2006 323 2088 Exiguo
340 2007 436 2070 tinxit
451 1991 613 2086 subjeetos
629 2008 784 2090 sanguine
801 2007 931 2070 cultros.
958 2051 961 2058 .

189 2111 291 2174 Fibra
305 2111 431 2192 qubqne
447 2132 533 2193 aegra
547 2124 640 2175 notas
656 2114 724 2176 veri
751 2113 956 2193 monitusque
973 2111 1106 2175 deorum
1159 2111 1226 2176 220

190 2215 392 2281 Perdiderat:
418 2216 523 2280 tristes
538 2229 704 2299 penetrant
720 2218 760 2282 ad
776 2218 898 2302 viscera
914 2216 1026 2280 morbi.

188 2323 276 2384 Ante
292 2341 397 2384 sacros
412 2322 480 2384 vidi
496 2319 636 2404 projecta
650 2323 805 2386 cadavere
820 2333 935 2405 postes,

189 2426 277 2488 Ante
289 2427 388 2508 ipsae,
404 2426 468 2507 qub
485 2447 567 2490 mors
583 2426 664 2490 soret
681 2426 877 2506 invidiosior,
894 2445 971 2488 aras.

192 2530 269 2594 Pars
284 2531 426 2593 animam
442 2530 556 2611 laqueo
572 2531 737 2594 claudunt.
754 2531 928 2610 mortisque
945 2529 1093 2593 timorem

191 2634 296 2698 Morte
312 2633 435 2718 fugant,
453 2636 598 2716 ultroque
614 2649 731 2699 vocant
749 2635 912 2696 venientia
926 2633 1000 2696 fata.
1161 2635 1228 2699 225

191 2741 332 2822 Corpora
346 2739 443 2803 missa
458 2742 530 2804 neci
546 2741 644 2804 nullis
660 2740 698 2802 de
715 2759 802 2802 more
818 2737 963 2801 feruntur

192 2845 395 2924 Funeribus;
421 2865 524 2925 neque
540 2846 627 2908 enim
643 2845 811 2928 capiebant
827 2843 940 2906 funera
955 2855 1051 2927 portae
1065 2865 1074 2925 3

192 2951 260 3013 Aut
276 2950 443 3013 inhumata
459 2962 606 3032 premunt
622 2962 729 3030 terras,
746 2962 801 3012 aut
817 2949 933 3014 dantur
948 2951 982 3013 in
997 2949 1080 3013 altos
1165 2949 1168 2962 ¹

192 3054 343 3118 Indotata
356 3076 459 3138 rogos.
508 3055 552 3118 Et
565 3053 826 3135 jamreverentia
842 3053 933 3118 nulla'
946 3067 1004 3136 est,

191 3161 307 3240 Deque
322 3163 409 3243 rogis
424 3171 579 3243 pugnant,
595 3161 770 3240 alienisque
788 3161 918 3242 ignibus
935 3161 1056 3224 ardent.
1162 3159 1228 3224 230

191 3265 264 3334 Qui
280 3265 467 3346 lacryment,
485 3267 618 3345 desunt;
643 3265 866 3346 indefletaeque
883 3276 1039 3346 vagantur

188 3371 411 3450 Natorumque
430 3370 595 3450 virquue
611 3371 727 3433 animae
740 3368 962 3449 juvenumque
978 3389 1179 3453 senumque;

188 3473 260 3538 Nee
275 3473 368 3538 locus
383 3476 417 3538 in
433 3475 585 3554 tumulos,
602 3480 661 3538 n‘ee
677 3475 795 3538 suffieit
811 3474 903 3536 arbor
919 3474 952 3536 in
968 3473 1080 3557 ignes!
