2636 4178
464 597 532 639 ΤΗΕ
557 597 681 639 Phnoum
706 598 740 638 tn*
765 599 878 642 matut.

604 763 634 806 v.
660 745 733 808 517.

156 869 275 933 AEacus
291 868 459 950 ingemuit,
477 866 619 946 tristique
636 867 680 928 ita
695 885 775 928 voce
792 868 937 932 locutus:

157 975 252 1037 ‘Dira
266 974 335 1036 lues
352 971 477 1055 populis
492 971 538 1034 irb
552 971 689 1034 Junonis
705 972 822 1052 iniquae
1127 972 1189 1036 145
1275 998 1280 1007 1

151 1079 282 1158 Incidit,
300 1097 408 1141 exosae
424 1076 525 1138 dictas
540 1096 560 1137 a
574 1075 687 1158 pellice
705 1087 814 1139 terras.¹

148 1184 241 1247 Dum
257 1184 366 1245 uisum
382 1179 513 1245 mortale
529 1181 661 1260 malurn,
678 1193 838 1262 tantaequs
854 1183 974 1246 latebat

148 1291 259 1351 Causa
275 1307 395 1350 nocens
410 1285 520 1370 clodio,
537 1297 717 1368 pugnatum
733 1299 780 1349 cst
796 1299 861 1350 arte
878 1289 1050 1369 rnedendi3

152 1393 304 1455 Exitium
319 1390 486 1473 superabat
502 1410 586 1473 opes,
603 1391 762 1471 victaeque
775 1390 933 1470 jacebant.

202 1497 359 1578 Principio
375 1496 493 1560 coelum
509 1497 608 1578 spissis
622 1496 761 1578 caligine
777 1507 874 1558 terras
1128 1498 1189 1561 150

158 1601 289 1679 Pressit,
304 1611 334 1663 et
348 1591 481 1683 ignavos
497 1600 626 1664 inclusit
643 1600 784 1662 nubibus
799 1613 915 1680 aestus3

159 1706 309 1786 Dumque
324 1717 431 1787 quater
446 1705 549 1788 plenis
565 1706 708 1788 explevit
724 1706 875 1767 cornibus
891 1706 999 1769 orbem

155 1811 259 1890 Luna,
277 1823 385 1891 quater
401 1812 532 1893 plenum
548 1821 680 1873 tenuata
694 1811 832 1872 retexuit
848 1812 967 1890 orbern,

150 1915 303 1980 Letiferis
317 1917 414 1978 calidi
430 1917 586 1997 spirirunt
601 1914 730 1978 flatibus
745 1917 864 1978 Austri.

152 2025 289 2084 Constat
306 2033 338 2083 et
355 2021 388 2082 in
404 2020 509 2083 sontes
524 2021 639 2084 vitium
656 2023 782 2083 venisse
800 2021 959 2102 lucusque,
1128 2023 1190 2084 155

154 2126 320 2206 Milliaque
337 2126 476 2188 incultos
491 2126 672 2208 serpentum
689 2125 792 2188 multa
808 2148 861 2208 per
877 2147 969 2209 agros
1092 2109 1094 2114 ’

155 2231 294 2308 Endsse,
311 2243 407 2310 atque
423 2231 489 2292 suis
503 2231 619 2294 fluvios
635 2232 804 2293 temertsse
821 2234 963 2294 venenis.

152 2336 268 2416 Strage
285 2355 403 2397 canum
421 2334 521 2417 primb
537 2335 768 2416 volucrumque
785 2338 958 2415 oviumque
976 2338 1137 2417 boumque

152 2441 257 2520 Inque
273 2439 347 2501 feris
363 2440 461 2502 subiti
476 2421 630 2521 deprensa
645 2441 787 2521 potentie
804 2442 915 2503 morbi.

154 2543 334 2606 Concidere
350 2543 463 2606 infelix
479 2544 602 2606 validos
618 2545 749 2606 miratur
765 2553 868 2605 arator
1130 2545 1191 2607 160

153 2650 243 2712 luter
258 2669 337 2730 opus
353 2660 459 2710 tauros
480 2649 654 2728 medioque
670 2648 854 2710 recumbere
871 2648 968 2710 sulco.

151 2753 322 2834 Lanigeris
338 2754 497 2835 gregibus,
514 2752 805 2815 balatusdantibus
820 2773 932 2833 aegros,

153 2857 277 2939 Sponte
294 2859 352 2920 snt
367 2858 511 2938 lanaequc
528 2857 657 2935 cadunt,
675 2869 707 2920 et
723 2877 854 2940 corpora
869 2859 987 2921 tabent.

152 2965 239 3025 Acer
254 2982 355 3042 equus
370 2963 533 3043 quondum
550 2981 739 3044 magnaeque
756 2963 789 3026 in
806 2964 934 3045 pulvere
950 2962 1047 3026 fame

154 3066 337 3148 Degenerat
354 3067 485 3150 pulmaS,
503 3079 711 3148 veterumque
727 3068 846 3148 oblitus
861 3071 1020 3132 honorum
1129 3069 1191 3132 165

153 3171 204 3234 Ad
222 3191 360 3254 praesepe
377 3173 487 3254 gemit,
505 3171 569 3234 leto
585 3173 756 3236 moriturus
772 3174 873 3236 inerti.

150 3273 227 3337 Non
243 3296 317 3357 aper
333 3276 424 3338 irasci
440 3277 597 3355 meminit,
615 3295 681 3339 non
697 3277 793 3340 fidere
809 3297 904 3340 cursu

149 3383 267 3458 Cerva,
286 3401 345 3443 nec
361 3382 514 3444 armentis
530 3381 688 3444 incurrere
705 3381 840 3445 fortibus
855 3383 939 3462 ursi3

149 3487 273 3550 Omnia
289 3485 421 3568 languor
438 3486 546 3564 habet,
559 3485 712 3567 silvisque
728 3487 873 3569 agrisque
889 3487 1014 3567 viisque

149 3593 293 3674 Corpora
309 3590 394 3654 soeda
406 3589 535 3671 jacent3
560 3591 713 3655 vitiantur
729 3592 879 3654 odoribus
894 3611 988 3654 aurae.
1129 3593 1168 3656 17
1170 3593 1190 3655 0

148 3697 236 3762 Mira
251 3696 383 3775 loquor:
408 3716 474 3760 non
491 3695 545 3758 illa
560 3715 657 3760 canes
672 3696 839 3777 avidaeque
855 3697 1012 3774 volucres,
