2646 4176
449 619 518 664 H!
541 616 653 664 EARTH
675 617 882 665 ursorum.
995 653 1000 662 ,

527 739 530 746 ’
597 753 726 820 aare.
820 769 860 784 ··
1173 747 1192 778 ·

189 878 350 946 Redditus
366 877 452 942 orbis
467 887 544 944 erat.
592 878 704 948 Quem
721 887 891 961 postquam
907 877 989 948 vidit
1004 893 1162 968 apertum,
1244 901 1248 910 ·

147 985 189 1050 Et
203 985 364 1050 desolatas
375 967 473 1068 'agere
489 983 554 1049 alta
567 983 698 1048 silentia
712 992 820 1063 terras,
842 1039 850 1054 .

143 1090 337 1170 Deucalion,
352 1090 565 1172 lacrymis'ita
579 1088 738 1170 Pyrrham
754 1089 871 1168 affatur
887 1089 1027 1158 obortis:
1118 1093 1184 1162 360

143 1195 191 1259 ‘O
207 1215 306 1274 soror,
323 1215 342 1257 ο
357 1193 489 1275 conjux,
506 1215 526 1257 o
541 1193 664 1258 semina
677 1193 749 1261 rota
761 1205 951 1278 superatae·

143 1300 257 1368 Quam
273 1318 448 1364 commuue
463 1299 548 1366 mihi
560 1289 665 1382 genus
679 1310 712 1364 et
728 1300 881 1382 patruelis
895 1301 996 1384 origo,

143 1403 272 1468 Deinde
289 1415 377 1468 torus
388 1401 510 1484 junxit,
525 1423 614 1470 nuno
629 1403 699 1486 ipsa
714 1403 857 1486 pericula
867 1403 1034 1492 junguut5

151 1509 330 1588 Terrarum,
340 1505 690 1602 quascunquerident
701 1519 882 1590 oceasus'·et
897 1521 997 1589 ortus,

153 1610 222 1674 Nos
237 1611 299 1675 duo
313 1609 402 1678 turba
416 1633 530 1681 sumus
543 1634 551 1694 ;
575 1610 717 1696 possedit
730 1621 839 1676 cetera
853 1625 982 1696 pontus
1118 1615 1184 1680 355

147 1715 244 1782 Nune
259 1717 381 1798 quoque
397 1711 505 1784 adhue¹
517 1719 594 1782 vitm
610 1726 740 1786 nonest
755 1716 879 1782 fiducia
892 1729 1009 1785 nostrae

141 1824 240 1885 Certa
255 1825 355 1888 satis:
379 1833 497 1888 terrent
513 1824 700 1889 etiamnunc
716 1822 830 1888 nubila
844 1835 998 1904 mantem.

139 1927 237 1996 Quid
254 1928 324 2006 tibi,
341 1929 452 1992 sisino
469 1948 521 1992 me
537 1926 611 1992 satis
626 1938 736 2010 erepta
750 1925 878 2008 fuisses,

141 2031 237 2095 Nune
253 2033 364 2112 artimi,
380 2031 569 2112 miseranda,
586 2029 690 2098 foret?
713 2052 778 2114 quo
793 2034 865 2098 sola·
877 2033 1026 2100 timorem

143 2137 239 2200 Ferre
256 2136 354 2200 modo
370 2137 502 2219 posses?
526 2157 589 2218 quo
605 2137 792 2202 consolante
808 2137 958 2202 doleres?
1115 2141 1181 2206 360
1271 2132 1274 2143 Δ

140 2241 288 2323 Namque
304 2261 375 2325 ego,
391 2241 485 2306 crede
501 2242 593 2321 mihi,
610 2243 638 2306 si
653 2251 685 2304 te
701 2242 828 2324 qubqua
848 2255 966 2325 pontus
981 2243 1124 2327 haberet,

139 2347 194 2408 Te
210 2365 368 2427 sequerer,
384 2345 528 2427 conjux:
552 2351 585 2428 et
600 2367 653 2410 me
670 2347 796 2428 qubqua
813 2359 930 2430 pontus
946 2348 1086 2416 haberet.

143 2449 171 2512 Ο
186 2451 313 2515 utinam
330 2471 457 2533 possem
471 2452 606 2535 populos
622 2471 763 2534 reparare
780 2453 919 2546 paternis

143 2556 286 2636 Artibus,
302 2567 398 2636 atque
414 2557 539 2620 animas
554 2556 700 2619 sormatae
717 2554 886 2619 infundere
903 2558 1015 2620 terrm!

141 2660 237 2724 Nune
253 2681 356 2744 genus
371 2662 406 2724 in
420 2663 515 2725 nobis
530 2660 779 2742 restatssmortale
794 2659 933 2738 duobus,
1114 2663 1180 2728 365

142 2764 198 2828 Sic
214 2766 321 2830 visum
338 2766 471 2850 superis,
487 2767 722 2847 hominumque
739 2766 890 2847 exempla
905 2765 1097 2832 manemus!

185 2871 331 2950 Dixerat,
348 2883 381 2934 et
396 2871 527 2936 flabant.
556 2899 558 2906 >
574 2871 702 2935 Placuit
717 2871 848 2934 eoeleste
865 2872 987 2955 precari

137 2975 280 3058 Numen,
297 2987 331 3038 et
346 2977 506 3062 auxilium
522 2996 576 3058 per
591 2997 696 3040 sacras
711 2997 852 3057 quaerere
868 2989 978 3042 sortes.

136 3079 238 3144 Nulla
253 3100 344 3145 mora
358 3091 425 3161 est;
450 3081 572 3144 adeunt
588 3083 702 3163 pariter
717 3082 907 3164 Cephisidas
922 3083 1036 3164 undas,

138 3187 183 3250 Ut
197 3185 346 3248 nondum
361 3185 498 3265 liquidas
511 3187 560 3276 'sic
572 3183 640 3265 jam
656 3186 740 3250 vada
754 3199 831 3250 uota
845 3199 1000 3252 secantes.
1113 3188 1179 3254 370

136 3289 230 3368 Inde,
247 3290 305 3352 ubi
320 3290 438 3353 libatos
454 3291 623 3356 irroravere
639 3291 780 3372 liquores

136 3393 292 3460 Vestibus
307 3405 340 3458 et
355 3395 463 3476 capiti,
479 3395 615 3458 flectunt
630 3396 768 3478 vestigia
781 3409 901 3462 sanotae

134 3498 189 3562 Ad
203 3499 341 3562 delubra
355 3498 436 3577 deoe,
452 3489 592 3582 quorunr'
604 3499 734 3580 fastigia
751 3502 836 3584 turpi

134 3603 306 3668 Pallebant
323 3623 446 3684 musco,
462 3605 652 3685 stabantque
668 3586 738 3667 sine
755 3605 887 3687 ignibus
901 3625 975 3674 arae.

136 3707 181 3772 Ut
198 3709 314 3792 templi
329 3709 462 3792 tetigere
478 3706 606 3792 gradus,
623 3709 806 3792 procumbit
822 3721 957 3792 uterque
1111 3711 1178 3775 375
