2636 4178
156 259 219 323 106
455 282 572 334 ονιυέ
593 283 914 336 nnnnuonenossa

154 439 333 500 Luxuriam
349 436 439 516 solet,
457 439 653 520 squamisque
669 441 769 502 nitere
785 443 925 523 recenti;

155 540 221 619 Sic,
239 543 296 604 ubi
311 542 462 606 mortales
478 542 674 624 Tirynthius
689 546 780 608 exuit
795 559 892 626 artus,

152 646 245 710 Parte
261 649 312 710 sui
327 648 460 712 meliore
477 649 576 730 viget,
594 647 758 730 majorque
775 652 877 714 videri
1132 639 1196 719 1'30

153 754 270 836 Cepit,
287 764 319 816 et
334 755 473 837 augusti
488 754 556 816 fieri
574 756 730 836 gravitate
748 757 916 820 verendus.
1192 763 1195 776 ‘

153 859 266 926 Quem
281 870 369 940 pater
385 859 599 940 omnipotens,
617 859 701 922 inter
717 880 798 922 cava
813 862 925 924 nubila
939 874 1074 946 raptum,

154 962 358 1046 Quadrijugo
373 982 468 1028 curru
484 963 683 1027 radiantibus
699 965 809 1028 intulit
825 967 925 1030 astris.

505 1277 835 1296 ..ι-Ἣ

555 1491 705 1585 noou
743 1521 795 1594 x.

453 1767 604 1812 omanus
627 1770 693 1814 sul>
716 1769 892 1812 munimen.

629 1923 659 1966 v.
687 1903 714 1970 1.

153 2017 233 2082 Inde
250 2039 305 2102 per
320 2020 517 2085 immensum
534 2041 647 2086 croceo
664 2024 788 2086 velatus
804 2023 924 2086 amictu

152 2123 237 2186 Adra
251 2123 437 2206 digreditur,
455 2127 680 2208 Ciconumque
697 2127 902 2211 Hymenaeus
917 2127 958 2190 ad
973 2145 1044 2191 oras

153 2227 287 2307 Tendit,
303 2240 336 2291 et
352 2229 481 2313 Orphed
495 2233 710 2314 nequicquam
726 2252 805 2295 voce
822 2243 963 2296 vocatur.

151 2331 254 2396 Affuit
271 2333 325 2396 ille
340 2335 490 2417 quidem3
514 2335 571 2399 sed
586 2356 647 2400 nec
664 2337 810 2400 solennia
824 2338 931 2417 verba,

152 2435 219 2500 Nee
236 2437 327 2501 laetos
341 2440 461 2519 vultus,
479 2460 538 2504 nec
556 2439 636 2504 felix
651 2442 760 2506 attulit
777 2461 884 2505 omen.
1170 2438 1191 2500 5
1212 2429 1219 2442 '

154 2540 226 2605 Fax
240 2543 378 2624 qudque,
394 2565 492 2626 quam
509 2547 624 2627 tenuit,
640 2546 820 2628 lacrymoso
837 2544 970 2609 stridula
984 2540 1076 2607 fumo

156 2647 263 2728 Usque
278 2647 351 2728 fuit,
368 2651 537 2733 nullosque
554 2651 678 2716 invenit
694 2651 836 2714 motibus
852 2652 953 2733 ignes.

155 2753 272 2815 Exitus
287 2754 430 2836 auspicio
444 2756 592 2836 gravior:
616 2775 690 2819 narn
707 2767 807 2838 nupta
823 2775 877 2838 per
891 2756 1005 2818 herbas

153 2857 242 2919 Dum
257 2877 343 2920 nova
358 2858 518 2922 Naiadum
535 2859 630 2922 turbd
647 2863 801 2924 comitata
816 2871 960 2942 vagatur,

154 2961 291 3040 Occidit,
308 2961 342 3026 in
358 2963 459 3025 talum
476 2963 631 3047 serpentis
646 2965 742 3028 dente
757 2977 893 3048 receptu.

154 3066 265 3132 Quam
281 3066 356 3129 satis
372 3066 412 3128 ad
429 3087 558 3149 superas
574 3081 742 3152 postquam
759 3070 970 3153 Rhodopeius
986 3089 1077 3132 auras

153 3169 293 3233 Deflevit
308 3181 407 3250 vates,
430 3191 471 3234 ne
489 3193 553 3236 non
569 3185 706 3238 tentaret
722 3184 754 3238 et
770 3176 908 3253 umbras,

154 3274 206 3338 Ad
224 3275 329 3358 Styga
345 3277 497 3340 'I’aenaril
512 3290 560 3341 est
576 3298 673 3341 ausus
688 3279 881 3342 descendere
899 3279 996 3361 portal.

153 3379 278 3460 Perque
296 3379 383 3444 leves
399 3382 533 3465 populos
560 3384 791 3464 simulacraque
809 3383 922 3448 functa
937 3381 1091 3466 sepulcris

153 3483 379 3567 Persephonen
395 3487 474 3550 adiit
503 3489 725 3570 inamoenaque
743 3509 841 3572 regna
857 3501 1020 3558 tenentem
1150 3483 1190 3546 15

154 3589 348 3654 Umbrarum
363 3590 555 3673 dominnm;
579 3593 742 3676 pulsisque
758 3593 799 3656 ad
814 3594 958 3657 carmina
974 3593 1081 3656 nervis
