2646 4176
220 796 445 887 OVID’S
492 794 1110 890 METAMORPHOSES.

488 1103 838 1119 m

554 1329 703 1396 BOOK
742 1333 775 1396 I.

487 1609 847 1660 INTBODUGTION.

149 1789 189 1852 Irr
201 1806 287 1851 nora
301 1785 363 1851 fert
377 1781 505 1852 'animus
520 1799 660 1854 mutatas
676 1788 780 1854 dicere
796 1788 915 1854 formas

149 1894 296 1976 Corpora
342 1892 396 1974 Di,
413 1895 526 1978 coeptis
541 1895 630 1978 (nam
647 1915 706 1958 vos
721 1896 871 1960 mutdstis
886 1907 918 1959 et
935 1895 1022 1984 illas)

147 1998 315 2081 Adspirate
330 1999 421 2079 meis,
437 1999 601 2082 primique
616 2000 657 2063 ab
673 2001 795 2082 origine
811 1999 926 2064 mundi

147 2103 198 2165 Ad
214 2123 289 2168 mea
303 2115 494 2187 perpetuum
509 2104 660 2168 deducite
677 2116 820 2188 tempora
835 2123 973 2168 carmen.

148 2657 233 2720 Ante
249 2677 336 2720 mare
352 2667 384 2720 et
400 2667 497 2721 terras
511 2668 555 2738 et,
572 2655 659 2739 quod
675 2656 755 2737 tegit
771 2631 890 2735 omnia,
907 2653 1026 2719 coelum
1169 2655 1190 2718 5

148 2759 243 2824 Unus
259 2772 326 2824 erat
344 2771 411 2825 toto
426 2761 555 2826 Naturae
571 2761 682 2825 vultus
698 2763 731 2824 in
748 2761 834 2841 orbe,

146 2865 262 2933 Quem
278 2866 388 2930 dixere
405 2868 523 2948 Chaos,
540 2867 627 2930 rudis
643 2866 862 2950 indigestaque
878 2867 989 2948 moles,

28 3045 36 3059 .
145 2969 219 3033 Nec
235 2972 417 3053 quiequam,
434 2973 498 3036 nisi
513 2971 639 3056 pondus
654 2973 749 3052 iners,
765 2983 981 3055 congestaque
998 2971 1112 3036 eddenr

144 3073 223 3138 Non
240 3077 322 3140 bene
336 3075 521 3156 junctarum
536 3066 695 3141 discordia
708 3079 833 3140 semina
847 3097 961 3140 rerum.

143 3176 268 3244 Nullus
283 3182 389 3245 adhue
405 3182 528 3246 mundo
545 3181 706 3266 praebebat
722 3181 847 3244 lumina
862 3180 974 3261 Titan,
1150 3179 1191 3244 10

26 3365 27 3372 ¹
143 3283 217 3350 Nec
235 3305 320 3349 nova
334 3288 507 3351 crescendo
522 3288 684 3370 reparabat
701 3305 822 3350 cornua
837 3286 969 3366 Phoebe,

144 3387 218 3454 Nec
236 3391 434 3469 circumfuso
450 3390 609 3475 pendebat
626 3391 660 3456 in
676 3395 747 3455 adra
764 3391 881 3454 Tellus

144 3493 351 3560 Ponderibus
366 3497 481 3560 librata
496 3497 562 3560 suis
576 3518 583 3577 ;
607 3517 668 3562 neo
683 3497 814 3560 brachia
829 3496 927 3578 longo

142 3599 298 3684 Margine
314 3613 467 3666 terrarum
483 3612 664 3686 porrexerat
679 3588 875 3684 Amphitrite
890 3622 897 3680 ;

143 3706 294 3792 Quisque
310 3705 372 3772 fuit
388 3707 495 3789 tellus,
512 3706 627 3772 illidet
644 3717 762 3790 pontrrs
777 3717 810 3768 et
825 3706 887 3768 a'e’r.
1153 3695 1193 3760 15
