2636 4178
129 189 191 252 132
414 209 531 260 ovm’s
555 211 875 262 umauonsuosns.

126 364 324 447 Servavique
340 365 482 428 animam
499 365 686 448 (minimum
703 377 751 430 est
771 368 833 431 hoc
848 367 969 456 laudis)
986 369 1131 440 inertem.

126 469 163 534 Si
178 483 298 554 perstas
313 483 443 550 certare,
459 470 568 536 locum
584 471 753 536 redeamus
768 473 802 536 iu
818 472 930 538 illum:
1004 559 1008 562 ι

124 575 238 640 Redde
255 577 382 640 hostem
398 575 579 658 vulnusque
595 587 688 640 tuum
703 576 898 660 solitumque
914 579 1072 662 timerem,

124 681 201 744 Post
217 681 432 764 clypeumque
448 680 522 760 late,
540 692 572 743 et
588 697 716 746 mecum
732 683 891 748 contende
907 686 967 750 sub
983 685 1049 750 illo.

124 790 168 849 At
184 799 352 870 postquam
368 787 486 869 eripui3
510 787 563 849 cui
579 786 685 850 standi
700 786 835 852 vulnera
848 789 932 852 vires
1119 793 1165 856 80

124 892 198 954 Non
213 891 375 971 dederant,
392 892 481 954 nullo
497 890 639 954 tardatus
654 893 786 956 vulnere
802 892 896 976 fugit.

169 999 293 1060 Hector
308 997 407 1077 adest,
424 1017 598 1078 secumque
615 997 692 1060 deos
708 999 740 1061 in
758 998 870 1080 proelia
884 999 983 1080 ducit,

125 1102 265 1183 ertqrrc
282 1103 353 1180 ruit,
373 1120 436 1164 non
453 1113 489 1164 tu
506 1103 629 1166 tanturn
646 1105 778 1183 terreris
796 1103 903 1182 Ulixe,

126 1207 193 1268 Sed
208 1206 305 1269 fortes
320 1209 416 1270 etiam
432 1229 439 1268 ε
464 1217 591 1270 tantum
607 1209 704 1271 trahit
720 1209 773 1270 ille
790 1208 923 1272 timoris.

125 1313 223 1375 Hunc
240 1331 301 1394 ege
317 1313 502 1394 sanguineae
519 1333 669 1376 successu
684 1313 782 1388 caedis
798 1325 948 1378 ovantem
1120 1317 1163 1381 85

126 1418 264 1480 Erninus
281 1419 405 1499 ingenti
419 1419 606 1501 resupinum
623 1417 763 1500 pondere
780 1417 858 1481 fudi.

125 1525 224 1586 Hunc
240 1543 301 1606 ego
318 1534 514 1605 poscentem,
530 1543 607 1586 eum
623 1542 686 1603 quo
701 1535 914 1603 concurreret,
933 1546 1017 1590 unus

127 1630 286 1707 Sustinui,
304 1640 484 1709 sortemque
501 1649 607 1692 meam
623 1628 766 1708 vovistis,
783 1629 911 1708 Achivi,

127 1735 170 1796 Et
187 1746 300 1796 vestrae
317 1735 444 1798 valuere
461 1754 578 1816 preces.
628 1733 665 1796 Si
681 1735 823 1815 quaeritis
839 1733 935 1815 hujus

127 1840 304 1902 Fortunam
314 1858 459 1921 ‘pugnae3
484 1858 549 1930 non
566 1859 639 1902 sum
654 1851 821 1921 superatus
836 1841 877 1902 ab
894 1840 957 1902 illo.
1118 1843 1161 1904 90

172 1945 258 2007 Ecce
274 1943 381 2007 ferunt
398 1944 502 2005 Trois
518 1943 698 2024 ferrumque
715 1945 887 2026 ignemque
903 1947 1077 2025 Jovemque

128 2051 165 2113 In
182 2049 311 2111 Danaas
326 2048 462 2110 classes:
487 2049 543 2112 ubi
560 2068 647 2112 nuno
663 2047 822 2112 facundus
839 2050 974 2113 Ulixes?

127 2155 249 2236 Nempe
265 2174 326 2235 ego
342 2152 432 2215 mille
449 2173 523 2216 meo
539 2153 663 2236 protexi
678 2167 804 2237 pectore
821 2175 953 2238 puppes,

130 2259 227 2341 Spem
245 2259 341 2324 vestri
357 2258 483 2322 reditirs.
532 2259 614 2322 Date
630 2269 678 2321 tot
694 2279 748 2342 pro
765 2261 902 2322 navibus
918 2280 1014 2324 arma.

172 2364 272 2432 Quod
288 2364 314 2427 si
333 2383 407 2426 vera
420 2364 496 2428 licet
512 2365 593 2428 mihi
609 2363 714 2428 dicere
730 2386 737 2444 ς
762 2367 913 2444 quaeritur
929 2365 1007 2444 istis,
1121 2365 1160 2428 95

127 2469 239 2539 Quam
257 2471 347 2550 mihi,
364 2467 466 2550 major
481 2470 593 2549 honor,
609 2468 846 2551 conjunctaque
864 2470 965 2551 gloria
980 2482 1089 2534 nostra
1104 2481 1163 2550 est,

128 2578 233 2656 Atque
250 2575 334 2654 Ajax
349 2576 455 2654 armis,
473 2596 538 2639 non
554 2574 647 2657 Ajaci
661 2595 750 2640 arma
764 2586 925 2657 petuntur.

171 2681 323 2744 Conferat
338 2681 390 2744 his
406 2681 537 2744 Ithacus
553 2681 700 2744 Rhesum
717 2679 944 2760 imbellemque
962 2679 1100 2759 Dolona,
1118 2701 1121 2706 ·

127 2767 379 2865 Priamidenque¹
390 2786 553 2848 Helenum
569 2786 658 2867 rapta
673 2805 748 2849 cum
766 2785 894 2848 Pallade
910 2797 1050 2868 capt-um.

128 2893 216 2954 Luce
233 2891 315 2953 nihil
332 2900 459 2971 gestum
474 2901 533 2968 est,
551 2889 632 2952 nihil
648 2903 696 2954 est
712 2891 871 2954 Diomede
887 2902 1021 2954 remoto.
1102 2891 1165 2952 100

129 2997 165 3058 Si
181 2995 279 3058 semel
297 2996 358 3058 ista
371 2995 456 3058 datis
470 2995 592 3058 meritis
608 3006 675 3058 tarn
691 2977 811 3059 vilibus
825 3015 930 3074 arma;

108 3085 281 3179 *Divitiis
298 3112 331 3163 et
347 3121 418 3183 pars
433 3099 474 3164 sit
489 3099 590 3181 major
606 3101 773 3166 Diomedis
788 3101 822 3164 in
839 3101 911 3164 illis.

171 3207 250 3276 Qud
266 3217 376 3270 tamen
392 3207 462 3270 haec
478 3205 601 3286 Ithaco,
618 3206 674 3288 qui
689 3206 784 3285 cl'am,
800 3206 855 3287 qui
871 3225 996 3288 semper
1012 3204 1143 3268 inermis

127 3314 212 3376 Rern
229 3295 321 3395 gerit,
338 3322 371 3374 et
387 3311 481 3376 furtis
496 3313 663 3375 incautum
680 3311 800 3394 decipit
816 3311 966 3374 hostem?

128 3418 198 3500 Ipse
215 3420 298 3480 nitor
313 3418 413 3500 galeae
429 3418 514 3482 claro
530 3417 682 3480 radiantis
697 3419 737 3480 ab
753 3437 830 3480 auro
1104 3413 1163 3477 105

127 3523 263 3587 Insidias
280 3523 401 3605 prodet,
417 3523 700 3602 manifestabitque
717 3522 881 3586 latentem.

128 3627 195 3690 Sed
212 3647 315 3708 neque
332 3628 506 3692 Dulichius
522 3630 582 3692 sub
599 3628 735 3692 Achillis
751 3627 874 3691 casside
891 3636 1004 3690 vertex
