2636 4178
574 263 673 315 BOOK
694 265 772 316 XIII.

154 421 274 504 Argnit
292 419 419 501 incepto
435 439 541 498 serum
557 420 726 482 accessisse
743 419 852 498 labori,

155 525 225 589 Nec
241 546 275 588 se
292 525 499 606 magnanimo
516 523 705 586 maledicere
721 525 818 587 sentit
835 524 977 588 Achilli?

162 629 201 691 Si
216 630 381 692 simulisse
398 639 492 690 vocat
508 629 640 707 crimen,
657 629 882 692 simulavimus
898 631 1003 692 ambo.

166 735 203 796 Si
219 754 304 796 mora
322 754 378 815 pro
393 732 489 815 culpa
503 743 560 810 est,
577 753 638 815 ego
654 753 726 796 sum
742 736 894 798 maturior
911 735 974 797 illo.
1133 735 1199 800 300

164 839 219 902 Me
234 839 285 919 pia
298 837 437 900 detinuit
456 837 601 917 conjux,¹
617 839 670 920 pia
684 850 785 901 mater
796 840 980 903 ¹Achillem:

162 943 331 1023 Primaque
347 954 422 1006 sunt
438 927 502 1005 illis
517 942 592 1005 data
607 952 759 1026 tempora,
776 956 882 1007 cetera
897 945 999 1008 vobis.

160 1048 260 1111 Haud
278 1050 419 1126 timeam,
436 1049 463 1110 si
474 1045 542 1127 jam
559 1065 717 1128 nequeam
733 1047 1043 1126 defendere,crimcn
1156 1072 1158 1077 ·

157 1155 244 1216 Cum
261 1163 352 1214 tanto
368 1171 538 1214 commune
554 1153 632 1216 viro.
680 1153 863 1236 Deprensus
879 1155 985 1218 Ulixis

156 1259 296 1340 Ingenio
314 1268 419 1336 tamen
437 1256 500 1334 ille,
517 1269 549 1320 at
565 1277 630 1320 uon
647 1256 755 1336 Ajacis
771 1259 893 1322 Ulixes.
1133 1260 1199 1323 305

204 1363 295 1424 Neve
312 1361 345 1424 in
361 1381 412 1424 me
428 1361 552 1424 stolidae
568 1364 715 1426 convicia
730 1362 863 1427 fundere
879 1365 999 1447 linguae

165 1467 463 1552 Admiremnreum,
482 1467 573 1530 vobis
590 1468 716 1548 qudque
733 1469 831 1550 digna
847 1469 966 1551 pudore

167 1570 294 1650 Objicit.
337 1575 390 1634 An
406 1571 485 1634 falso
501 1572 696 1635 Palameden
711 1574 845 1636 crimine
862 1585 952 1656 turpe
968 1586 1017 1638 est

167 1678 338 1740 Accusrisse
354 1677 445 1756 mihi,
463 1677 555 1739 vobis
572 1677 739 1740 damnasse
756 1678 933 1740 decorum?

165 1783 231 1845 Sed
247 1803 348 1864 neque
364 1781 558 1864 Naupliades
572 1781 700 1872 facinus
715 1781 886 1846 defendere
902 1794 1030 1846 tantum
1066 1795 1068 1802 ’
1133 1783 1197 1847 310

161 1889 311 1969 Tamque
328 1899 439 1970 patens
466 1888 577 1965 valuit,
594 1907 653 1950 nec
671 1908 729 1950 vos
744 1887 878 1952 audistis
894 1891 927 1952 in
944 1889 998 1951 illo

161 1995 313 2071 Crimina,
332 1992 466 2072 vidistis,
484 1995 647 2075 pretioque
664 1991 790 2074 objecta
806 1995 966 2077 patebant.

201 2098 272 2166 Nec
289 2097 497 2161 Poeantiaden
514 2098 601 2177 qudd
618 2099 715 2162 habet
732 2100 889 2163 Vulcania
906 2101 1055 2182 Lemnos,

163 2203 241 2266 Esse
258 2223 332 2265 reus
348 2204 469 2282 merui;
494 2201 615 2267 factum
632 2204 795 2268 defendite
811 2216 975 2270 vestrum:

161 2308 378 2372 Consensistis
394 2310 481 2371 enim
493 2331 512 2389 ;r
526 2329 586 2371 nec
603 2329 655 2372 me
672 2312 808 2373 suasisse
825 2313 960 2392 negabo,
996 2337 999 2344 ⁴
1114 2309 1199 2372 -315

162 2415 207 2477 Ut
223 2435 257 2476 se
273 2415 471 2477 subtraheret
488 2413 627 2495 bellique
642 2415 768 2493 viaeqne
785 2414 894 2494 labori,

164 2519 383 2600 'Pentatetque
399 2519 483 2582 feros
498 2518 607 2598 requie
623 2518 723 2580 lenire
739 2517 872 2580 dolores.

163 2623 281 2703 Paruit,
298 2637 329 2686 et
344 2626 434 2688 vivit.
481 2625 555 2688 Non
571 2624 641 2685 haec
658 2625 817 2684 sententia
833 2623 956 2685 tantdm

162 2729 257 2824 Fida,
274 2729 329 2792 sed
345 2741 377 2792 et
392 2728 471 2792 felix
485 2751 493 2809 3
517 2728 590 2791 clim
607 2729 647 2791 sit
664 2727 741 2790 satis
768 2747 836 2788 esse
853 2726 993 2789 fidelem.

163 2835 276 2902 Quem
292 2834 444 2915 quoniam
462 2847 551 2896 vates
566 2833 705 2897 delenda
720 2832 761 2895 ad
777 2833 933 2915 Pergama
949 2843 1095 2916 poscunt,
1135 2832 1199 2895 320

162 2939 211 3003 Ne
227 2939 377 3002 mandate
393 2940 494 3019 mihi,
517 2939 631 3001 melids
648 2939 861 3001 Telamonius
878 2939 946 3017 ibit,

165 3044 366 3125 Eloquioque
384 3045 488 3107 virum
503 3044 622 3107 morbis
639 3043 747 3123 irique
765 3041 923 3107 furentem

164 3147 297 3228 Molliet,
313 3161 369 3212 aut
385 3149 493 3230 aliqud
509 3148 659 3231 perducet
676 3149 812 3211 callidus
827 3160 904 3211 arte.

162 3255 248 3318 Ante
265 3267 346 3318 retro
365 3255 485 3318 Simois
500 3253 588 3331 fluet,
605 3264 638 3315 et
654 3253 723 3315 sine
741 3245 906 3316 frondibus
922 3252 979 3315 Ide

163 3359 281 3440 Stabit,
298 3372 331 3424 et
346 3348 503 3422 auxilium
521 3358 684 3442 promittet
701 3359 827 3422 Achaia
844 3356 964 3444 Trojae,
1135 3355 1201 3419 325

161 3465 286 3545 Quem,
302 3477 446 3528 cessante
465 3485 536 3526 meo
555 3486 608 3547 pro
626 3465 737 3527 vestris
754 3475 880 3545 pectore
896 3464 1000 3542 rebus,

160 3570 272 3652 Ajacis
288 3571 395 3635 stolidi
412 3570 532 3633 Danais
548 3569 688 3632 sollertia
704 3570 809 3652 prosit.
864 3589 869 3602 ·

164 3677 219 3741 Sis
233 3676 308 3742 licet
320 3675 457 3741 infestus
472 3675 568 3739 sociis
583 3675 713 3758 regique
731 3672 886 3754 mihique,
