2646 4176
110 247 155 310 38
400 267 517 320 ovurs
538 265 858 318 uurnrroaraosas.

113 423 260 506 Expulit,
277 433 310 486 et
326 423 421 486 sevis
436 422 635 506 compescuit
651 421 781 504 ignibus
797 420 897 503 ignes.

112 529 367 592 Consternantur
382 529 466 608 equi,
483 537 516 590 et
531 529 613 591 saltu
631 526 664 589 in
680 526 837 590 contraria
853 525 948 604 sacto,

113 633 205 696 Colla
217 631 298 715 jugo
314 635 463 716 eripiunt,
480 633 676 716 abruptaque
693 632 759 694 lora
774 631 968 712 relinquunt.

114 738 185 801 Illic
201 737 289 801 frena
301 736 420 818 jacent,
437 738 503 804 illic
519 748 649 800 temone
663 737 809 800 revulsus
1082 733 1149 798 315

114 844 205 922 Axis,
222 844 254 906 in
271 845 332 908 hac
348 843 427 906 radii
443 842 613 920 fractarum
630 853 715 924 parte
732 853 881 922 rotarum,

116 947 293 1028 Sparsaque
310 959 386 1010 sunt
401 948 464 1010 late
481 947 576 1010 laceri
592 947 731 1029 vestigia
745 947 905 1044 currirss

114 1055 158 1116 At
174 1053 353 1130 Phaethon,
370 1052 482 1114 rutilos
496 1052 627 1116 flamma
642 1053 815 1134 populante
830 1052 972 1135 capillos,

114 1155 262 1220 Volvitur
278 1157 311 1220 in
328 1177 475 1238 praeceps,
492 1156 653 1238 longoque
670 1177 723 1239 per
738 1162 812 1222 adra
827 1167 930 1220 tractu

116 1263 251 1341 Fertur3
277 1272 312 1323 ut
329 1261 491 1324 interdum
507 1261 547 1324 de
563 1263 645 1325 coelo
662 1262 754 1326 stella
769 1281 891 1340 sereno,
1085 1261 1150 1326 320

117 1367 190 1430 Etsi
207 1387 272 1430 non
288 1365 415 1446 cecidit,
432 1366 536 1449 potuit
552 1367 705 1430 cecidisse
722 1367 833 1432 videri.

116 1473 227 1540 Quem
244 1472 353 1555 procul
369 1493 389 1534 a
404 1472 504 1554 patrii
518 1472 645 1536 diverso
661 1473 823 1536 maximus
838 1473 914 1536 orbe

117 1578 249 1659 Excipit
266 1577 435 1655 Eridanus,
453 1575 673 1658 fumantiaque
689 1578 790 1642 abluit
807 1599 868 1640 ora.

118 1741 120 1746 .
159 1683 279 1746 Naides
294 1684 461 1764 Hesperiae
478 1683 583 1745 trifidis
598 1681 757 1746 fumantia
771 1683 901 1746 flammis

115 1787 254 1868 Corpora
263 1787 341 1848 dant
351 1787 488 1863 tumulo,
499 1787 628 1866 signant
639 1786 764 1865 quoque
777 1787 917 1848 carmine
927 1803 1060 1847 saxum:
1084 1783 1151 1844 325

118 1891 206 1956 ‘ch
221 1892 302 1952 situs
317 1901 366 1952 est
383 1889 560 1967 Plrae‘tlron,
577 1890 686 1952 currus
700 1891 811 1970 auriga
827 1889 969 1970 paterni3

116 1995 228 2064 Quem
244 1994 270 2056 si
287 2015 352 2058 nou
370 1996 482 2072 tenuit,
499 1994 625 2075 magnis
641 2005 749 2056 tamen
764 1992 885 2055 excidit
901 1993 1008 2068 ausis!

116 2106 159 2167 At
175 2111 263 2182 pater
282 2099 449 2175 obductos,
466 2098 554 2160 luctu
572 2098 762 2160 miserabilis
777 2117 873 2179 aegro,

116 2205 310 2268 Condiderat
324 2203 456 2266 vultus:
480 2214 522 2280 et,
539 2203 566 2264 si
582 2202 679 2264 modd
694 2202 864 2282 oredimus,
882 2223 984 2266 unum

116 2311 182 2373 Isse
199 2309 286 2372 diem
302 2309 371 2371 sine
388 2307 455 2370 sole
471 2307 586 2370 serunt.
635 2308 790 2370 Incendia
805 2308 916 2370 lumen
1086 2307 1151 2373 330

116 2413 317 2493 Praebebant,
332 2413 513 2494 aliquisque
530 2413 615 2476 rnalo
631 2411 693 2476 fuit
708 2433 785 2476 usus
801 2414 834 2477 in
850 2413 914 2476 illo.

116 2521 159 2582 At
173 2520 343 2601 Clymene,
362 2531 528 2602 postquam
544 2519 638 2598 dixit,
655 2539 856 2601 quascunque
873 2518 1004 2582 suerunt

116 2625 154 2688 ln
171 2626 269 2688 tantis
284 2624 421 2688 dicenda
436 2625 538 2703 malis,
556 2625 700 2706 lugubris
715 2637 747 2688 et
764 2645 875 2690 amens

116 2731 160 2792 Et
177 2731 294 2792 laniata
310 2732 399 2792 sinus
416 2742 520 2792 totum
536 2732 717 2811 percensuit
732 2731 841 2791 orbem

117 2835 357 2914 Exanimesque
373 2834 461 2896 art'us
477 2833 588 2916 primo,
605 2853 682 2896 mox
700 2854 771 2895 ossa
786 2813 958 2912 requirens,
1086 2831 1152 2894 335

116 2939 250 3022 Repern
265 2959 336 3002 ossa
351 2949 459 3000 tamen
476 2938 641 3020 peregrini
654 2938 785 3000 condita
799 2938 875 3020 ripa„

117 3043 333 3124 Incubuitque
351 3044 443 3106 loco:
467 3063 649 3124 nomenque
666 3043 700 3106 in
716 3063 870 3106 marmore
887 3042 1008 3107 lectum

117 3148 263 3213 Perfudit
278 3149 439 3230 lacrymis,
456 3159 488 3211 et
504 3160 612 3232 aperto
629 3160 755 3230 pectore
772 3147 862 3212 fovit.

383 3425 451 3466 rua
476 3423 603 3465 srsrrrns
628 3423 667 3465 or
692 3405 879 3468 sandraca.

567 3580 595 3622 v.
621 3559 695 3624 340.

160 3683 228 3748 Nec
244 3683 350 3751 minus
367 3681 523 3748 Heliades
537 3681 633 3750 fletus
647 3692 679 3745 et
696 3683 805 3746 inania
820 3682 915 3746 morti

116 3787 254 3855 Munera
267 3785 344 3854 dant
359 3789 527 3872 lacrymas,
544 3801 576 3851 et
592 3807 685 3852 carsae
701 3798 828 3871 pectora
844 3787 956 3869 palmis
996 3827 999 3833 -
1086 3787 1154 3854 340
