2636 4178
564 257 663 310 acon
684 258 717 308 v.
1118 236 1160 300 73

134 375 159 448 s
165 413 267 479 Haud
282 412 395 504 procul
411 411 568 476 Hennaeis
583 412 673 476 lacus
687 425 736 476 est
751 432 771 475 a
785 412 947 478 moenibus
961 411 1046 492 altre,

124 521 261 583 Nomine
278 518 412 601 Pergus,
429 537 531 598 aquae.
577 519 651 582 Non
666 518 722 582 illo
739 519 829 601 plura
843 520 992 601 Caystros

132 624 275 687 Carmina
288 641 472 705 cygnorum
487 622 670 686 labentibus
684 623 775 686 audit
791 625 825 686 in
842 623 945 686 undis.
1094 623 1161 686 225

78 734 81 739 ’
136 729 221 791 Silva
233 738 364 790 coronat
378 746 487 808 aquas,
503 727 639 810 cingens
654 729 740 791 latus
755 747 861 808 omne,
877 728 1006 809 suisque

135 831 320 910 Frondibus,
335 843 373 895 ut
388 832 472 910 velo,
490 833 649 896 Phoebeos
663 834 835 897 submovet
851 834 952 915 ignes.

132 939 259 1020 Frigora
274 937 352 1000 dant
368 937 458 1016 rami,
474 938 583 1001 varios
596 939 715 1001 liumus
731 939 865 1002 humida
878 938 991 1021 flores3

128 1044 322 1126 Perpetuum
337 1062 394 1106 ver
409 1051 467 1104 est.
513 1043 687 1112 Quodam
705 1043 893 1126 Proserpina
907 1044 981 1108 luco

124 1149 232 1226 Ludit,
250 1160 284 1210 ct
298 1159 355 1210 aut
372 1147 473 1211 violas
488 1159 544 1212 aut
560 1148 698 1212 candida
714 1149 783 1212 lilia
796 1150 896 1233 carpit
909 1171 917 1230 ;
1094 1149 1161 1214 230

123 1255 276 1334 Dumque
293 1252 427 1335 puellari
442 1254 549 1317 studio
563 1253 957 1336 calathosquesinnmque

126 1359 252 1440 Implet,
269 1370 301 1420 et
317 1357 457 1439 aequalcs
470 1370 569 1422 certat
585 1379 730 1442 superare
747 1359 902 1441 legend03

131 1462 227 1524 Paeue
242 1463 336 1526 simul
353 1465 422 1526 visa
436 1474 495 1542 est,
513 1464 703 1544 dilectaque,
720 1477 871 1546 raptaque
888 1465 975 1528 Diti:

133 1567 242 1646 Usque
258 1566 333 1630 adeo
345 1579 394 1631 est
410 1580 595 1652 properatus
610 1587 709 1632 amor.
764 1567 835 1631 Dea
849 1569 960 1632 territa
974 1578 1090 1632 maesto

134 1671 178 1734 Et
194 1684 324 1736 matrem
339 1683 370 1736 et
385 1675 531 1752 comites,
548 1673 606 1736 sed
621 1684 755 1734 matrem
772 1672 898 1754 saepius,
916 1691 969 1734 ore
1095 1671 1163 1734 235
1223 1688 1229 1704 ¹

129 1777 264 1856 Clamat,
281 1787 321 1857 et,
338 1789 373 1842 nt
389 1779 517 1842 summi
532 1787 656 1840 vestem
672 1776 804 1840 laniirat
820 1778 860 1839 ab
876 1776 940 1854 ori,

123 1882 264 1946 Collecti
278 1883 372 1947 liores
386 1884 506 1947 tunicis
520 1882 666 1946 cecidere
682 1883 822 1946 remissis
835 1903 842 1960 3

125 1988 300 2070 Tantaque
316 1989 506 2071 simplicitas
523 1989 697 2071 puerilibus
712 1988 806 2051 affuit
821 1989 924 2065 annis,

131 2092 208 2156 Hac
224 2095 355 2176 quoque
371 2095 553 2176 virgineum
570 2095 671 2158 movit
683 2092 808 2174 jactura
822 2093 974 2157 dolorem.

170 2199 292 2282 Raptor
307 2199 374 2282 agit
389 2219 508 2279 currus,
525 2210 557 2262 et
574 2202 704 2262 nominc
721 2217 881 2280 quemque
898 2209 1030 2262 vocatos
1097 2196 1163 2260 240

126 2302 326 2368 Exhortatur
341 2323 451 2384 equos,
467 2324 602 2385 quorum
620 2325 673 2386 per
688 2304 771 2367 colla
783 2301 941 2383 jubasque

123 2407 265 2471 Excutit
281 2409 415 2473 obscuri
430 2410 546 2472 tinctas
562 2409 721 2491 ferrugine
738 2408 898 2486 habenas;

125 2511 250 2594 Perque
266 2513 356 2577 lacus
370 2513 452 2576 altos
467 2525 499 2577 ct
514 2515 634 2576 olentia
649 2512 769 2575 sulfura
786 2511 885 2575 fertur

126 2617 255 2700 Stagna
270 2618 450 2681 Palicorum
465 2620 558 2702 rupta
572 2618 729 2681 ferientia
744 2616 845 2695 terrim

125 2722 171 2784 Et
187 2723 254 2804 qui
271 2723 469 2802 Bacchiadas,
486 2725 600 2788 bimari
616 2742 698 2805 gens
713 2733 782 2784 orta
797 2718 964 2800 Corintho,
1098 2720 1166 2784 245

122 2829 217 2890 Inter
233 2828 407 2908 inaequales
422 2840 594 2912 posuerunt
611 2828 730 2891 moenia
746 2837 864 2910 portus.

171 2933 234 2994 Est
250 2933 393 2997 medinm
409 2935 538 3016 Cyanes
552 2945 584 2996 et
600 2934 712 2996 Pisaeae
729 2933 908 3011 Arethusae,

122 3037 230 3104 Quod
246 3039 310 3100 coit
326 3041 471 3119 angustis
487 3039 648 3103 inclusum
663 3039 823 3117 cornibus,
839 3056 957 3117 oequor.

122 3141 190 3206 Hic
209 3141 281 3222 suit,
298 3163 318 3204 a
332 3141 426 3222 cnjus
441 3156 592 3226 stagnum
608 3145 734 3225 quoque
750 3143 882 3206 nomine
898 3141 1097 3220 dictumest,

123 3247 220 3310 Inter
237 3247 395 3312 Sicelidas
411 3251 523 3330 Cyane
540 3250 744 3313 celeberrima
760 3249 922 3330 nymphas
935 3268 943 3327 3
1099 3244 1167 3309 250

114 3351 338 3436 Agnovitquc
354 3353 469 3418 dcam:
496 3355 580 3418 ‘Nec
597 3353 726 3436 longirls
742 3353 850 3430 ibitis,'
866 3352 988 3432 inquit:

116 3459 222 3521 ‘Non
238 3460 457 3540 potes'invitae
475 3461 598 3524 Cereris
613 3479 711 3542 gener
727 3479 796 3522 csse
808 3480 820 3520 :.
838 3456 990 3538 roganda,

115 3561 200 3626 Non
218 3563 372 3646 rapienda
385 3563 457 3628 suit.
505 3564 606 3633 Quod
621 3565 649 3628 si
664 3581 855 3646 componere
872 3561 999 3643 magnis

116 3667 233 3734 Parva
247 3671 330 3733 milri
346 3670 393 3734 ias
409 3682 469 3750 est,
486 3682 518 3734 et
534 3690 587 3734 me
603 3669 718 3732 dilexit
734 3668 865 3751 Anapis,

439 3779 460 3840 7
