2646 4176
119 238 163 304 ⁶⁰
405 262 525 314 omns
547 263 871 316 nmsuomuosns.

118 413 215 478 Nuda
229 434 328 479 manu
343 415 460 481 feriens
475 418 636 483 exclamat
651 429 780 502 pectora
793 415 933 498 conjux:
1089 413 1156 480 250

120 520 271 600 ‘Cadme
287 523 393 602 mane,
410 534 512 604 teque,
522 523 645 604 infelix,
662 524 723 604 his,
739 543 823 588 exue
839 522 998 588 monstris.

119 622 253 705 Cadme,
278 626 356 707 quid
382 628 468 691 hoc?
515 628 580 692 Ubi
606 649 673 712 pes,
689 629 746 694 ubi
773 640 849 698 sunt
875 628 1065 708 humerique
1088 643 1156 690 mu·

295 733 442 813 nosque?
808 746 811 751 “

118 834 163 898 Et
178 834 266 899 color
280 847 313 900 et
329 835 427 900 iacies
442 847 485 917 et,
501 837 580 901 dum
596 839 718 920 loquor,
736 838 869 902 omnia?
915 838 981 902 Gur
996 855 1062 900 non

49 1004 53 1012 ,
118 939 173 1002 Me
189 960 327 1023 quoque,
343 941 502 1023 coelestes,
518 945 552 1006 in
567 943 707 1007 eundem
724 945 848 1008 vertitis
862 962 1003 1026 anguem
1013 942 1045 1004 l'

118 1045 260 1108 Dixerat.
308 1047 366 1110 Ille
382 1067 449 1110 suae
466 1047 626 1111 lambebat
641 1047 789 1132 conjugis
805 1068 868 1129 ora,
1090 1045 1157 1110 255

119 1151 221 1230 Inque
237 1150 327 1214 sinus
342 1170 441 1231 ceros,
458 1153 562 1215 veluti
576 1164 795 1236 cognosceret,
813 1154 889 1231 ibat,

121 1253 163 1316 Et
179 1254 275 1319 dabat
291 1257 469 1339 amplexus,
486 1270 675 1340 assuetaque
690 1259 775 1322 colla
789 1260 925 1342 petebat.

119 1359 277 1441 Quisquis
292 1362 383 1424 adest
399 1361 545 1444 (aderant
561 1365 712 1452 comites)
729 1375 871 1428 terretur.
918 1366 962 1427 At
977 1363 1034 1426 ille

104 1464 259 1529 Lubrica
274 1466 450 1549 permulcet
466 1469 587 1532 cristati
601 1469 686 1532 colla
700 1469 857 1548 draconis,

119 1571 164 1632 Et
180 1572 289 1636 subito
303 1572 368 1636 duo
385 1583 471 1652 sunt,
484 1572 663 1657 junctoque
679 1575 845 1640 volumine
861 1583 1002 1658 serpunt,
1091 1569 1157 1635 260

119 1677 232 1741 Donec
248 1677 283 1741 in
297 1679 435 1761 appositi
449 1679 589 1772 nemoris
604 1682 729 1745 subiere
745 1680 890 1744 latebras.
984 1702 1001 1710 ··
1159 1745 1163 1752 a

119 1781 214 1845 Nunc
230 1800 357 1863 quoque
372 1802 433 1860 nec
449 1782 582 1866 lugiunt
605 1785 782 1863 hominem,
798 1803 858 1846 neo
874 1783 1008 1845 vulnere
1023 1780 1156 1855 laedunt,

119 1885 276 1966 Quidque
292 1885 380 1969 prins
396 1887 524 1967 sustitit,
541 1886 660 1969 placidi
675 1887 849 1950 meminere
865 1885 1028 1948 dracones.

324 2161 427 2204 HM!
450 2159 607 2204 onmem)
630 2161 707 2204 INTO
731 2163 751 2204 Δ
774 2159 948 2205 novumn.

570 2316 602 2360 v.
628 2297 703 2361 620.

164 2418 244 2482 Inde
260 2437 315 2504 per
330 2418 527 2483 immensum
541 2419 647 2482 ventis
663 2417 863 2483 discordibus
878 2429 970 2482 actus

118 2524 212 2588 Nune
228 2524 304 2604 huc,
320 2544 407 2588 nunc
424 2524 512 2604 illuc,
528 2525 679 2608 exemplo
694 2525 790 2588 nubis
805 2543 934 2606 equosae
1093 2521 1159 2586 265

119 2628 245 2710 Fertur,
262 2641 296 2693 et
311 2650 353 2692 ex
368 2630 433 2693 alto
449 2629 599 2694 seductas
615 2629 734 2694 aethere
751 2629 848 2712 long'e

119 2736 291 2818 Despectat
308 2747 414 2815 terres,
432 2745 599 2816 totumque
616 2734 799 2816 supervolat
814 2734 935 2797 orbem.

120 2839 189 2903 'l'er
203 2840 326 2922 gelidas
341 2842 464 2919 Arctos,
482 2852 529 2904 ter
545 2839 662 2902 Cancri
677 2837 808 2900 brachia
823 2836 905 2899 vidit
919 2858 927 2916 ;

121 2945 215 3026 Saepe
231 2945 291 3007 sub
307 2963 451 3022 occasus,
468 2961 552 3025 saepe
569 2952 617 3004 est
632 2941 759 3003 ablatus
775 2943 809 3002 in
826 2951 935 3022 ortus3

119 3051 254 3129 Jamque
270 3047 404 3112 cadente
421 3047 473 3110 die
489 3047 609 3110 veritus
623 3065 658 3110 se
674 3044 801 3108 credere
816 3047 905 3110 necti
1091 3045 1159 3110 2⁷0

120 3153 274 3218 Constitit
289 3153 457 3235 Hesperio,
474 3152 580 3234 regnis
595 3151 744 3231 Atlantis,
761 3150 796 3213 in
811 3151 898 3232 orbe,

121 3259 347 3340 Exiguamque
362 3257 443 3339 petit
458 3256 707 3338 requiem‚'dum
723 3255 854 3322 Lucifer
868 3258 961 3340 ignes

123 3363 246 3426 Evocet
261 3365 403 3442 Aurorae,
419 3381 531 3426 cursus
547 3363 668 3426 Aumra
682 3362 823 3426 diurnos.

40 3453 46 3460 ⁸
165 3469 233 3536 Hic
248 3467 420 3559 hominum
435 3470 561 3532 cunetis
577 3468 703 3553 ingenti
718 3487 848 3552 corpore
866 3479 1016 3551 prestans

121 3574 336 3658 Iapetionides
351 3574 443 3646 Atlas
457 3573 529 3640 fuit.
577 3575 700 3640 Ultima
715 3575 812 3638 tellus
1091 3573 1159 3640 2⁷⁵
