2636 4178
110 219 174 286 1⁷6
462 239 581 292 ovmu
602 239 792 292 susumus

111 395 230 479 Sospes
245 396 284 460 ad
302 393 492 460 Haemonias
507 395 672 476 victorque
689 395 854 460 reverteris
869 393 985 477 urbes3
1084 397 1148 462 125

155 501 288 565 Ponitur
302 501 343 564 ed
359 501 476 583 patrios
490 519 587 563 aurea
601 498 676 562 lana
690 499 776 562 deos.

108 606 202 674 Quid
217 604 351 670 reseram
367 605 465 669 Pelia
481 617 582 683 natas,
598 603 716 686 pietate
733 614 895 685 nocentes,

154 712 308 790 Gaesaque
326 711 470 794 virgineis
484 695 629 773 membra
644 720 775 791 paterna
789 711 911 774 manu?

111 817 156 880 Ut
171 817 303 898 culpent
318 815 383 894 alii,
400 815 459 878 tibi
475 833 526 878 me
543 813 672 878 laudare
688 832 819 878 neeesse
835 825 894 894 eat,

154 920 216 984 Pro
232 940 296 1002 quo
312 940 384 983 sum
401 920 495 983 toties
510 939 579 982 asse
595 931 708 982 coacta
722 938 852 982 nocens.
1085 920 1148 987 13⁰

111 1028 219 1092 Ausus
234 1047 269 1089 es
285 1047 314 1104 o,
331 1024 432 1107 (justo
448 1025 565 1087 desunt
580 1043 638 1088 sua
653 1025 752 1088 verba
765 1024 883 1113 dolori)
1122 1005 1126 1012 ¹

155 1134 263 1195 Ausus
278 1151 321 1210 ea,
341 1129 517 1208 ‘AEsonid,'
533 1129 648 1209 dicere,
670 1128 764 1192 ‘cede
780 1130 899 1194 domo!

111 1236 130 1299 J
133 1256 205 1299 ussa
219 1236 315 1298 domo
330 1235 422 1314 cessi,
439 1235 522 1297 natis
537 1224 842 1314 comitata'duobus,

158 1341 211 1421 Et,
227 1342 283 1422 qui
298 1359 353 1403 me·
366 1341 506 1420 sequitur
520 1359 654 1421 semper,
671 1358 777 1404 amore
793 1341 850 1403 tui.

113 1448 158 1511 Ut
173 1446 280 1510 subitd
297 1456 418 1510 nostras
433 1445 568 1525 Hymen
584 1456 732 1508 cantatus
747 1444 788 1506 ad
803 1464 896 1509 aurea
1086 1447 1148 1511 13⁵

157 1553 262 1631 Venit,
278 1562 310 1614 et
325 1569 461 1614 accenso
476 1549 639 1632 lampades
655 1549 729 1631 igne
746 1549 865 1614 micant
878 1571 887 1630 ς

112 1656 274 1738 Tibiaque
289 1655 405 1720 effudit
420 1655 552 1718 socialia
565 1656 708 1718 earmina
722 1655 824 1735 vobis,

156 1763 200 1824 At
216 1761 297 1825 mihi
312 1759 445 1824 funerei
459 1758 616 1823 flebiliora
631 1759 730 1839 tubd3

113 1866 278 1945 Pertimui,
295 1885 355 1930 neu
370 1865 476 1928 adhuc
492 1875 619 1928 tantum
635 1864 739 1928 scelus
754 1884 824 1928 esse
840 1865 1011 1948 putabam,

158 1970 224 2033 Sed
241 1981 349 2033 tamen
365 1971 398 2034 in
415 1980 483 2032 toto
499 1982 626 2052 pectore
642 1968 744 2052 frigus
759 1979 835 2034 erat.
1080 1968 1143 2033 140

113 2076 227 2140 Turba
249 2085 356 2153 ruunt,
372 2085 405 2136 et
430 2074 586 2156 ‘Hymen
599 2076 625 2137 !’
649 2075 800 2156 clamant,
827 2075 1026 2158 ‘Hymenaee
1039 2077 1068 2140 1·
1085 2074 1148 2140 fre·

285 2190 450 2261 quentant.

156 2286 235 2353 Quo
251 2286 376 2367 propior
391 2303 456 2347 vox
471 2295 530 2363 est,
547 2284 609 2347 hoc
625 2284 706 2349 mihi
721 2283 813 2368 pejus
828 2296 904 2349 erat.

112 2389 239 2453 Diversi
254 2390 374 2454 flebant
389 2390 482 2470 servi,
498 2389 719 2472 lacrymasque
735 2391 896 2472 tegebant.

157 2496 244 2564 Quis
260 2495 355 2560 vellet
372 2495 453 2560 tanti
468 2495 602 2560 nuntius
615 2515 686 2560 esse
701 2495 801 2561 mali?

112 2602 166 2666 Ma
183 2601 319 2683 qudque,
336 2601 488 2683 quicquid
504 2612 581 2681 erat,
598 2601 702 2685 potius
718 2602 841 2664 nescire
855 2599 1013 2681 juvabat3
1085 2599 1146 2663 146

156 2707 234 2786 Sed,
251 2719 402 2788 tanquam
418 2707 542 2785 sciram,
559 2726 651 2770 mens
668 2725 739 2770 mea
755 2706 853 2770 tristis
866 2716 955 2788 erat;

113 2812 195 2874 Cium
210 2812 348 2874 minore
365 2811 470 2893 pueris
482 2807 590 2888 jussus
605 2810 774 2892 studioque
791 2810 932 2891 videndi,

157 2915 309 2979 Constitit
324 2915 365 2978 ad
380 2915 518 2998 gemina
536 2914 648 2979 limina
662 2915 762 2999 prima
776 2914 872 2980 foris:

114 3021 220 3085 ‘Hinc
234 3019 327 3099 mihi,
344 3031 454 3099 mater,
471 3019 542 3083 abi:
566 3039 717 3104 pompam
733 3023 841 3104 patar,’
858 3019 972 3103 inquit,
990 3021 1118 3084 ‘Iasona

158 3124 266 3205 Ducit,
283 3136 315 3190 et
330 3123 499 3205 adjunctos
513 3143 629 3188 aureus
644 3136 738 3208 urget
753 3128 874 3207 equoa’
979 3147 982 3152 ·
1085 3125 1147 3190 150

95 3230 262 3322 ¹Protinus
276 3230 415 3294 abscissa
430 3227 539 3313 planxi
555 3247 628 3292 mea
644 3241 772 3312 pectora
787 3239 888 3310 veste,

157 3336 247 3400 'Puta
262 3355 321 3399 nee
336 3334 481 3419 adigitis
497 3353 551 3398 ora
565 3333 654 3426 sudre
670 3335 760 3400 meis.

111 3443 161 3508 Ira
177 3443 304 3505 animus
319 3441 434 3505 mediae
450 3439 603 3504 suadebat
618 3440 653 3504 in
668 3440 803 3522 agmina¹
813 3440 926 3521 turba,

157 3547 310 3628 Sertaque
325 3545 510 3629 compositis
525 3545 652 3612 demere
668 3556 757 3629 rapta
770 3547 873 3612 comis
