2646 4176
128 265 174 333 40
418 291 538 344 orma
561 250 887 344 ummomnosas.

129 446 282 510 Constitit
299 447 535 528 antedoniam,
553 447 778 531 (nequeenim
795 448 966 512 succedere
984 452 1081 544 tectis,

130 551 196 614 Fas
213 553 326 642 habet)
341 565 374 616 et
390 568 497 637 postes
512 555 657 618 extremit
672 555 803 638 cuspide
819 555 932 638 pulsat.
1107 555 1172 620 370

130 659 304 723 Ooncussae
322 661 451 745 patuere
468 659 560 724 sores.
609 659 703 724 Videt
721 663 808 724 intus
823 661 974 724 edentem

131 762 281 846 Vipereas
296 785 417 845 carnes,
436 767 586 829 vitiorum
603 767 756 829 alimenta
771 764 912 846 auorum,

130 870 302 950 Invidiam,
319 872 451 952 visique
468 872 579 934 oculos
595 873 719 934 avertit.
767 875 810 936 At
827 872 882 934 illa

119 973 241 1058 'Surgit
257 977 357 1039 humo
374 978 472 1060 pigre,
489 997 747 1058 semesarumque
763 978 914 1058 relinquit

129 1081 271 1163 Corpora
285 1082 478 1164 serpenttim,
496 1103 654 1165 passuque
671 1083 792 1146 incedit
808 1083 912 1146 inerti.
939 1105 945 1114 ·
1107 1083 1173 1147 375
1241 1064 1249 1074 „

130 1186 236 1267 thue
253 1186 347 1250 deam
363 1187 444 1250 vidit
459 1186 625 1268 formique
641 1190 801 1270 armisque
817 1189 978 1270 decoram,

129 1291 304 1373 Ingemuit,
321 1292 512 1373 vultumque
530 1295 595 1357 ima
610 1293 651 1356 ad
667 1295 803 1377 suspiria
818 1295 921 1358 duxit.

122 1395 235 1460 Pallor
251 1398 285 1460 in
301 1417 354 1461 ore
370 1398 471 1477 sedet,
489 1400 608 1464 macies
625 1401 658 1462 in
674 1420 804 1483 corpore
821 1411 900 1481 toto,

128 1503 295 1583 Nusquam
310 1516 399 1568 recta
413 1505 517 1584 acies3
536 1505 644 1569 livent
659 1507 807 1588 rubigine
824 1507 948 1586 dentes,

129 1609 264 1672 Pectora
278 1609 354 1674 felle
370 1612 484 1691 virent,
502 1611 615 1694 lingua
630 1623 678 1675 est
694 1613 818 1676 suffusa
834 1631 980 1692 venen03
1106 1608 1172 1672 380

73 1737 76 1743 ’
129 1714 228 1778 Risus
244 1717 345 1796 abest,
362 1716 424 1780 nisi
440 1735 538 1796 quern
556 1718 616 1779 visi
632 1719 763 1780 movere
779 1717 904 1780 dolores
918 1738 926 1795 ς

128 1819 197 1884 Nec
213 1819 330 1884 fruitur
345 1841 470 1900 somno,
487 1821 699 1902 vigilantibus
715 1822 822 1884 excita
837 1821 933 1898 curis,

130 1923 197 1988 Sed
213 1924 302 1988 videt
319 1926 470 2006 ingratos,
487 1924 722 2005 intabescitque
738 1922 878 1986 videndo

130 2030 307 2093 Successus
322 2029 516 2108 hominum
540 2029 702 2112 carpitque
719 2038 751 2090 et
766 2029 905 2110 carpitur
919 2028 995 2106 und,

95 2119 99 2125 ⁵
130 2135 398 2218 Suppliciumque
415 2153 510 2198 suum
525 2143 584 2196 est.
631 2133 795 2202 Quamvis
810 2145 922 2198 tamen
938 2133 1048 2198 oderat
1070 2133 1171 2213 illam,

130 2239 269 2303 Talibus
284 2239 380 2302 affata
395 2251 443 2303 est
460 2239 599 2302 breviter
615 2237 766 2303 Tritonia
780 2237 897 2303 dictis:
1106 2238 1171 2302 386

130 2345 256 2409 ‘Infice
266 2346 339 2407 tabe
355 2345 411 2408 tud
426 2354 573 2408 natarum
588 2345 740 2428 Cecropis
755 2365 875 2409 uuam:

128 2450 185 2513 Sic
202 2469 283 2535 opus
298 2461 359 2513 est:
404 2451 562 2532 Aglauros
577 2469 616 2514 ea
630 2453 702 2514 est!
749 2451 848 2514 Haud
864 2450 956 2535 plura
969 2449 1080 2514 locuta

129 2555 241 2639 Fugit,
258 2567 291 2620 et
307 2543 462 2640 impresse
477 2557 626 2621 tellurem
641 2556 757 2640 repulit
775 2555 880 2620 hasti.

87 2665 95 2689 ”
129 2661 190 2725 Illa
204 2662 298 2726 deam
314 2661 445 2744 obliquo
460 2661 642 2745 fugientem
657 2662 781 2726 lumine
797 2681 941 2741 cernens,
1106 2658 1173 2724 390

129 2767 296 2832 Murmura
311 2787 407 2850 parva
423 2767 524 2847 dedit,
540 2785 828 2846 successurumque
845 2767 1001 2830 Minervae

129 2871 272 2937 Indoluit
287 2894 295 2952 ;
319 2873 536 2952 baculumque
552 2873 648 2954 capit,
665 2891 763 2951 quem
779 2871 890 2952 spinea
905 2881 1011 2934 totum

129 2977 269 3040 Vincula
283 2976 469 3056 cingebant,
486 2976 699 3057 adopertaque
715 2975 859 3038 nubibus
874 2977 960 3055 atris,

130 3083 336 3162 Quicunque
353 3080 540 3162 ingreditur,
556 3079 703 3144 florentia
718 3081 848 3162 proterit
863 3101 948 3160 arva,

131 3187 313 3268 Exuritque
328 3187 453 3263 herbas,
471 3197 503 3248 et
518 3205 645 3248 summa
659 3187 830 3248 cacumina
844 3188 955 3272 carpit,
1106 3187 1174 3252 395

130 3293 315 3372 Afflatuque
330 3311 389 3355 suo
406 3291 539 3374 populos
556 3292 712 3371 urbesque
728 3290 905 3374 domosque

129 3397 252 3462 Polluit
265 3418 273 3478 ς
296 3407 329 3460 et
344 3396 475 3460 tandem
492 3396 664 3460 Tritonida
678 3397 837 3480 conspicit
852 3413 969 3477 arcem,

130 3503 275 3585 Ingeniis
290 3503 466 3586 opibusque
481 3513 514 3564 et
530 3501 613 3566 festi
628 3521 705 3585 pace
722 3505 889 3582 virentem,

130 3607 258 3689 Vixque
275 3617 363 3672 tenet
379 3608 548 3690 lacrymas,
562 3610 638 3690 quia
652 3610 697 3672 nil
715 3608 923 3690 lacrymabile
937 3609 1050 3674 courir.
