2646 4176
602 281 713 340 ,30οΚ
733 283 784 338 111.

180 439 283 502 Jeuse
297 436 361 500 fuit
377 427 679 520 luctds‚*alienaque
695 458 817 504 cornua
831 424 928 504 'fronti

178 544 306 622 Addita,
322 563 445 624 vosque
462 563 559 614 cenes
574 545 697 608 setiatae
712 546 869 628 sanguine
885 545 989 610 herili.

71 703 76 710 .
180 650 318 714 Athene
335 650 363 710 si
379 668 512 729 quaeres,
529 647 683 716 Fortunae
699 650 820 714 crimen
837 651 870 714 in
887 650 952 730 illo,

180 753 251 817 Non
268 753 555 824 scelusinvenies:
582 756 669 836 quod
683 757 772 818 enim
788 755 893 820 scelus
908 776 993 820 error
1008 755 1172 820 habebat?

225 860 288 922 Dat
303 879 411 942 sparso
426 861 523 941 copiti
538 861 661 924 vivacis
676 881 797 926 cernue
811 862 908 942 cervi,
1154 861 1217 925 120

181 966 243 1028 Det
259 964 399 1048 spatium
414 965 509 1043 collo,
525 985 731 1046 summasque
746 973 929 1030 cacuminat
944 987 1046 1044 eures,

178 1073 264 1134 Oum
280 1070 478 1153 pedibusque
494 1089 619 1150 manue,
635 1091 711 1137 oum
727 1072 834 1154 longis
850 1072 980 1135 brachie
994 1082 1098 1136 mutet

176 1177 342 1254 Omnbus,
358 1184 391 1238 et
408 1176 493 1238 velet
508 1175 672 1240 maculoso
689 1177 948 1268 vellereocorpus.

176 1282 319 1346 Additus
333 1290 367 1342 et
383 1301 480 1363 pavor
495 1291 552 1344 est.
601 1281 701 1364 Fugit
717 1285 918 1347 Autonoiiius
935 1283 1038 1363 heros,

179 1387 224 1450 Et
240 1407 273 1449 se
291 1400 357 1450 tom
372 1387 508 1453 celerem
523 1406 618 1450 cursu
634 1388 765 1452 miretur
780 1389 813 1450 in
829 1389 908 1470 ipso.
1155 1386 1217 1450 125

183 1493 229 1554 Ut
243 1493 318 1556 vero
333 1491 443 1556 vultus
457 1503 489 1556 et
504 1513 626 1556 cornua
636 1477 722 1556 'vidit
739 1494 772 1555 in
788 1492 885 1571 undo,

189 1597 262 1658 ‘Me
276 1599 423 1660 miserum
437 1600 444 1661 !
458 1601 466 1632 '
482 1598 628 1662 dicturus
642 1608 728 1660 eret:
753 1617 820 1660 vox
834 1597 925 1660 nulle
938 1607 1048 1659 secuta
1062 1606 1121 1659 est.

189 1703 363 1782 ingemuit3
387 1723 454 1766 vox
469 1703 525 1769 ilie
538 1701 601 1766 fuit
616 1723 624 1782 ς
648 1686 862 1784 lacrymaeque
878 1722 933 1781 per
948 1721 1002 1764 ora

182 1808 255 1872 Non
271 1829 328 1870 sue
341 1807 525 1889 fluxerunt;
550 1827 642 1871 mens
658 1808 783 1872 tantum
798 1808 931 1892 pristina
946 1807 1072 1871 mansit.

225 1912 454 1983 Quidseciat?
478 1924 639 1996 repetatne
656 1913 789 1977 domum
817 1924 848 1976 et
864 1913 983 1996 regalia
999 1924 1092 1993 tecte,
1154 1911 1217 1976 130

178 2021 231 2083 An
249 2021 347 2083 lateat
361 2019 474 2082 silvis?
498 2019 599 2102 pudor
614 2019 686 2099 hoc,
703 2019 798 2082 timor
813 2019 946 2102 impedit
962 2019 1051 2082 illud.

180 2126 271 2188 Dum
286 2124 424 2204 dubitet,
441 2124 549 2188 videre
566 2145 683 2206 canes3
707 2124 891 2210 primusque
909 2125 1091 2208 Melampus

180 2221 437 2311 Ichnobetesque
453 2249 552 2312 sagax
566 2231 681 2295 latratu
697 2232 790 2314 signa
805 2227 930 2294 dedere.

179 2335 262 2400 lnde
278 2345 375 2398 ruunt
391 2335 444 2398 alii
460 2335 568 2418 rapidis
583 2337 724 2400 uelocids
739 2337 826 2416 euri,

180 2443 341 2521 Quosque
357 2439 469 2504 referre
482 2461 570 2504 more
584 2453 643 2505 est.
683 2443 734 2504 Ea
745 2443 839 2504 turba
849 2439 1001 2522 cupidine
1013 2437 1128 2522 praedae
1155 2437 1218 2500 135

181 2545 244 2608 Per
258 2565 353 2628 rupes
367 2546 577 2629 scopulosque
593 2547 748 2626 adituque
765 2547 907 2608 carentia
922 2563 1009 2620 sexa,

180 2651 323 2732 Quisque
340 2662 387 2714 est
403 2651 553 2732 difficilis,
570 2653 696 2733 queque
712 2664 761 2714 est
777 2650 830 2712 via
845 2650 944 2729 nulle,
960 2659 1147 2730 sequuntur.

181 2757 241 2820 Ille
258 2755 352 2839 fugit,
369 2765 509 2840 per'quae
525 2756 629 2820 fueret
644 2758 717 2820 loca
731 2775 817 2840 saepe
833 2766 974 2834 secutus,

182 2863 260 2926 Heu
275 2861 413 2926 famulos
428 2863 513 2946 fugit
531 2866 597 2945 ipse
614 2864 708 2927 suos!
732 2863 869 2927 clamare
885 2862 1015 2941 libebat,

182 2971 336 3031 ‘Actaeon
351 2989 411 3052 ego
428 2989 511 3047 sum,
527 2970 696 3034 dominum
711 2969 897 3052 cognoscite
914 2969 1078 3032 vestrum!
1157 2963 1219 3029 140

181 3074 288 3136 Verba
303 3073 409 3136 animo
426 3074 561 3137 desunt:
586 3087 711 3138 resonat
728 3075 893 3138 latratibus
908 3075 1017 3137 aether.

180 3179 289 3241 Prima
305 3179 536 3244 Melanchaetes
552 3181 585 3242 in
601 3192 692 3262 tergo
707 3180 842 3244 vulnere
856 3177 943 3257 fecit,

180 3284 335 3347 Proxime
350 3284 566 3348 Theridamas
579 3306 587 3364 ;
611 3285 833 3368 Oresitrophos
848 3284 941 3347 heesit
958 3285 991 3346 in
1006 3279 1104 3346 armo.

180 3389 324 3480 Tegdids
339 3391 493 3469 exierant,
509 3389 565 3452 sed
581 3410 636 3473 per
651 3390 842 3472 compendia
856 3391 977 3452 montis

179 3493 386 3577 Praecipiteta
401 3496 454 3558 via
469 3507 526 3558 est.
574 3496 754 3559 Dominum
769 3494 982 3558 retinentibus
998 3493 1071 3572 illis,
1157 3488 1220 3552 145

178 3602 298 3664 Cetera
312 3601 405 3663 turbe
420 3601 496 3679 coit,
512 3598 699 3681 confertque
717 3601 750 3663 in
766 3619 894 3681 corpore
918 3597 1040 3660 dentes.

177 3707 253 3770 Jem
270 3706 342 3768 loce
356 3705 543 3770 vulneribus
558 3691 685 3770 desunt.
733 3704 843 3768 Gemit
859 3704 924 3784 ille,
940 3720 1130 3782 sonumque,
1207 3737 1211 3744 ·
