2646 4176
551 279 652 332 BOOK
671 279 709 330 11.

108 438 284 500 Obstantes
300 435 453 500 scindunt
468 436 613 516 nebulus,
630 435 808 518 pennisque
823 435 931 500 levati.

111 543 311 605 Praetereunt
327 552 412 604 ortos
428 539 530 604 isdem
547 541 587 604 dc
603 542 745 624 pertibus
761 542 874 605 Euros.

116 647 183 710 Sed
197 647 264 709 leve
281 646 409 728 pondus
424 657 500 724 eret,
517 666 577 709 nec
592 629 679 727 quod
695 665 888 728 cognoscere
905 657 1033 729 possent
1089 647 1152 712 160

118 751 299 831 subsequi,
316 751 473 832 solitique
487 749 605 833 jugum
620 751 776 834 gravitate
792 752 927 814 carebat.

117 858 220 938 thue
236 857 346 920 labent
362 876 470 920 curvae
483 855 571 936 justo
586 857 655 918 sine
672 856 811 939 pondere
827 875 936 936 neves,

112 963 233 1042 Perque
251 982 336 1024 mere
353 961 518 1024 instabiles
533 960 636 1024 nimii
649 961 779 1024 levitate
795 960 942 1025 feruntur
951 982 960 1042 ;

110 1068 165 1130 Sic
182 1087 279 1130 onere
296 1068 424 1129 insueto
439 1086 562 1129 vacuus
576 1065 631 1128 dat
647 1067 681 1128 in
696 1069 767 1130 alite
781 1067 893 1148 saltus

107 1173 364 1252 Succutiturque
380 1171 454 1251 alte,
471 1172 646 1252 similisque
663 1182 712 1235 est
727 1191 837 1235 currus
853 1173 951 1234 inani.
1089 1172 1153 1234 165

107 1277 212 1346 Quod
228 1277 365 1340 simulac
381 1278 518 1356 sensere,
534 1289 642 1356 ruunt,
659 1278 834 1358 tritumque
849 1277 1034 1358 relinquunt

110 1381 311 1464 Quadriiugi
326 1383 475 1464 spatium,
492 1403 563 1463 nec,
580 1403 643 1464 quo
659 1384 754 1465 priris,
771 1383 881 1446 ordine
897 1393 1039 1446 currunt.

114 1488 191 1568 Ipse
207 1499 318 1567 pevet;
342 1507 413 1568 nec,
428 1489 493 1568 quir
507 1489 695 1551 commissus
710 1487 819 1549 flectet
836 1488 988 1566 habenas,

115 1591 189 1654 Nec
206 1591 275 1669 scit,
290 1594 348 1671 qui
361 1595 402 1655 sit
419 1592 500 1656 iter:
524 1613 595 1669 nec,
612 1593 639 1654 si
655 1592 746 1670 sciet,
763 1591 897 1674 imperet
913 1590 984 1653 illis.
986 1637 998 1689 s

117 1696 212 1758 Tum
228 1697 359 1776 primum
375 1697 471 1768 radiis
486 1697 585 1779 gelidi
601 1697 727 1760 caluere
745 1697 893 1776 Triones,
1090 1695 1152 1760 17⁰

110 1801 158 1863 Er
177 1802 276 1862 vetito
291 1801 406 1866 frustrb
421 1797 589 1864 tcrrtiruut¹
601 1822 728 1882 aequore
745 1801 827 1884 tingi
840 1823 849 1882 3

107 1908 262 1987 Quaeque
278 1907 352 1990 polo
367 1909 472 1987 posite
485 1918 534 1970 est
550 1907 676 1990 glaciali
692 1908 838 1990 proxime
855 1906 1003 1990 Serpens,

111 2011 246 2093 Frigore
262 2012 353 2095 pigra
367 2014 460 2094 priiu,
478 2032 537 2074 nec
554 1992 765 2074 formidabilis
781 2012 849 2092 ulli,
894 1996 896 2002 ’
1007 2023 1011 2030 ’

113 2115 260 2197 Incaluit,
278 2119 477 2200 sumpsitque
493 2138 594 2180 noves
609 2117 787 2180 fervori-bus
804 2118 897 2206 irasf

114 2221 163 2283 Te
179 2221 310 2302 quoque
328 2223 491 2286 turbatum
507 2235 685 2286 memorant
700 2221 831 2304 fugisse,
849 2223 961 2303 Boote,
1091 2222 1153 2286 175

110 2327 276 2396 Quamvis
292 2327 401 2390 tardus
416 2348 494 2407 eres,
511 2339 543 2390 et
559 2340 591 2391 te
607 2339 664 2390 tua
679 2328 818 2410 plaustra
833 2329 995 2391 tenebant.

156 2432 201 2494 Ut
219 2431 296 2494 verb
311 2451 438 2496 summo
454 2432 601 2514 despexit
616 2433 656 2494 eb
673 2434 792 2495 aethere
810 2443 905 2494 terras

114 2533 233 2598 Infelix
247 2537 427 2616 Phaethon,
444 2537 571 2620 penitis
586 2535 776 2620 perutirsque
790 2535 945 2616 jacentes,

115 2637 244 2720 Palluit,
260 2652 295 2704 et
310 2643 417 2704 subito
432 2662 540 2726 genua
553 2643 747 2706 intremuere
763 2641 887 2719 timore,

113 2744 262 2826 Suntque
280 2747 382 2810 oculis
397 2748 538 2810 tenebrae
554 2768 609 2830 per
624 2757 751 2810 tentum
767 2746 879 2808 lumen
895 2745 1026 2824 obortae,
1090 2743 1153 2809 180

110 2851 155 2913 Et
168 2849 239 2930 jam
255 2852 366 2914 mallet
382 2872 482 2932 equos
496 2872 662 2934 nunquam
678 2851 822 2933 tetigisse
838 2861 1004 2933 paternum
1063 2914 1071 2920 ,

108 2958 249 3038 Jamque
265 2957 422 3040 cognosse
437 2977 541 3039 genus
557 2959 654 3040 piget,
671 2967 704 3019 et
719 2954 859 3020 valuisse
874 2956 1036 3039 rogando:

108 3061 183 3123 Jam
200 3061 344 3142 Meropis
357 3062 424 3125 dici
438 3064 573 3144 cupiens
588 3063 633 3126 ite
647 3061 755 3139 fertur,
773 3073 808 3126 ut
824 3073 898 3124 ecta

102 3165 278 3248 Praecipiti
294 3167 388 3248 pinus
405 3166 507 3230 Borei
521 3169 576 3230 cui
590 3169 678 3230 victe
692 3169 813 3231 remisit

99 3272 219 3336 Frena
236 3291 316 3334 suus
331 3283 443 3350 rector,
459 3291 556 3352 quem
572 3272 625 3336 dis
641 3274 787 3353 votisque
803 3271 940 3352 reliquit.
1090 3268 1155 3332 185

92 3377 204 3449 Quid
221 3376 342 3438 fecisti
366 3377 506 3440 multum
522 3378 597 3440 coeli
612 3388 683 3460 post
700 3388 788 3459 terge
803 3377 961 3456 relictum,

93 3487 196 3548 Ante
213 3481 330 3544 oculos
345 3480 417 3564 plus
432 3494 499 3545 est:
523 3483 633 3544 animo
647 3483 777 3544 metitur
793 3492 962 3563 utrumque
975 3501 985 3562 ς

99 3589 154 3650 Er
169 3585 282 3661 modo,
299 3605 380 3666 quos
395 3587 440 3649 illi
458 3585 562 3648 fetum
578 3588 762 3668 contingere
779 3595 918 3663 nonest.

97 3691 272 3774 Prospicit
289 3711 440 3772 occasus;
466 3692 626 3756 interdum
642 3691 769 3774 respicit
785 3702 873 3754 ortus
882 3711 890 3769 ς
