2636 4178
621 217 720 270 soon
742 219 790 270 xi„
896 231 899 236 ¹
1165 199 1227 266 121

187 373 398 439 Occidimus:
422 370 503 436 falso
520 372 579 436 tibi
594 391 646 436 me
663 373 845 455 promittere
861 374 937 437 noli.

184 479 327 543 Nubilus
343 477 458 560 AEgaeo
473 476 640 559 deprendit
655 478 690 542 in
705 497 831 559 oequore
849 499 973 544 navem.
1162 478 1227 544 300

192 586 315 662 Auster,
332 593 366 645 et
383 582 508 664 ingenti
520 580 674 662 jactatam
688 583 819 648 flamine
835 583 932 646 solvit
945 607 952 664 ;
1107 587 1108 592 ’

196 688 315 769 Oraque
331 698 449 766 nostra,
464 698 556 751 tuum
572 686 687 774 frustra
702 687 875 753 clamantia
889 707 1019 768 nomen,

196 794 367 875 lmplerunt
384 792 511 858 fluctus.
559 791 631 856 Nou
649 793 718 856 haec
735 792 793 856 tibi
809 795 937 856 nuntiat
952 805 1063 857 auctor

194 898 381 980 Ambiguus,
398 917 464 964 non
480 897 541 960 ista
556 897 647 978 vagis
662 898 842 962 rumoribus
857 893 967 976 audis,

194 1006 262 1085 lpse
277 1024 339 1085 ego
356 1002 422 1066 fata
436 1002 496 1066 tibi
511 1021 650 1086 praesens
666 1022 736 1066 mea
752 1002 925 1085 naufragus
940 1003 1010 1066 edo.
1161 1001 1227 1066 305
1255 991 1256 996 ἵ

191 1109 305 1190 Surge,
323 1127 392 1189 age,
409 1106 451 1169 da
465 1106 633 1188 lacrymas,
649 1107 860 1189 lugubriaque
877 1108 985 1187 indue,
1002 1129 1062 1172 nec
1078 1127 1130 1172 me

188 1213 429 1296 Indeploratum
445 1213 504 1274 sub
521 1212 629 1274 inania
644 1212 779 1276 Tartara
793 1214 905 1276 mitte!

154 1358 158 1366 -
191 1317 311 1397 Adjicit
329 1318 380 1379 his
395 1336 509 1380 vocem
526 1317 709 1398 Morpheus,
726 1336 823 1396 quam
839 1315 987 1399 conjugis
1002 1317 1058 1380 illa

196 1423 341 1484 Crederet
356 1442 424 1484 esse
440 1423 511 1500 sui,
536 1419 631 1484 ilet'us
647 1421 772 1502 quoque
788 1420 921 1484 sundere
939 1442 1030 1484 veros

200 1524 292 1588 Visus
307 1538 378 1605 erat,
396 1538 586 1608 gestumque
603 1545 717 1589 manus
733 1526 848 1608 Ceycis
864 1527 1010 1588 habebat.
1163 1525 1227 1590 310

243 1631 374 1712 Ingemit
392 1631 548 1713 Alcyone,
569 1631 727 1711 lacrymas
744 1642 852 1694 movet
867 1641 963 1710 atque
980 1633 1114 1693 lacertos

197 1735 256 1798 Per
270 1755 427 1826 somnum,
445 1755 620 1818 corpusque
639 1747 750 1818 petens
765 1736 968 1818 amplectitur
983 1755 1084 1813 auras,

192 1841 437 1922 Exclamatque,
457 1841 590 1905 ‘Manet
637 1840 716 1909 Quo
732 1853 763 1904 te
779 1841 885 1923 rapis?
908 1841 1027 1905 ibimus
1043 1842 1129 1905 unia'

191 1945 278 2009 Voce
294 1946 352 2008 sut
367 1947 534 2028 specieque
552 1947 610 2010 viri
627 1948 751 2012 turbata
766 1967 913 2028 soporem

194 2052 335 2127 Excutit,
352 2063 384 2113 et
401 2051 510 2133 primo,
527 2053 554 2113 si
570 2052 620 2131 sit,
637 2052 864 2133 circumspicit,
882 2052 957 2130 illic,
1162 2051 1227 2114 315

193 2157 261 2225 uui
278 2156 375 2218 modo
390 2156 478 2218 visus
494 2166 578 2219 erat:
603 2176 677 2220 narn
693 2159 773 2220 moti
789 2178 868 2220 voce
885 2157 1021 2220 ministri

192 2263 369 2324 lutulerant
386 2261 504 2323 lumen.
552 2261 725 2342 Postquam
744 2282 807 2324 non
825 2263 949 2324 invenit
966 2255 1112 2342 nsquam,

193 2367 334 2430 Percutit
351 2386 403 2428 ora
419 2385 526 2444 mauu,
543 2366 706 2445 laniatque·
720 2387 739 2427 a
755 2377 880 2448 pectore
897 2377 1012 2444 vestes,

194 2472 387 2551 Pectoraque
404 2472 471 2553 ipsa
485 2471 568 2534 ferit.
617 2470 685 2546 Nec
702 2472 805 2533 crines
820 2470 942 2532 solvere
958 2481 1066 2548 curat;

194 2575 331 2654 Scindit,
348 2587 380 2638 et
396 2576 508 2655 altrici,
526 2595 599 2655 quae
615 2575 718 2638 luctris
734 2593 839 2651 causa,
856 2574 981 2655 roganti
1163 2571 1229 2636 320

194 2681 310 2742 ‘Nulla
325 2692 373 2743 est
390 2682 546 2762 Alcyone,
563 2681 653 2742 nulle
667 2683 737 2758 est,’
754 2681 818 2758 ait;
844 2677 981 2742 ‘occidit
996 2680 1061 2742 uua

192 2787 277 2849 Cum
294 2787 398 2868 Ceyce
415 2807 482 2848 suo.
532 2781 677 2848 Solantia
693 2785 795 2854 tollite
812 2785 917 2848 verba.

193 2890 372 2973 Naufragus
389 2891 516 2954 interiit.
567 2890 648 2967 Vidi,
665 2893 856 2972 agnovique,
873 2909 1050 2970 manusque

194 2995 244 3058 Ad
260 2996 489 3075 discedentem,
505 2997 639 3077 cupiens
655 2997 799 3074 retinere,
816 2996 947 3060 tetendi.

197 3099 315 3163 Umbra
330 3099 401 3179 fuit,
418 3101 522 3163 sedet
539 3102 652 3164 umbra
667 3113 774 3164 tamen
791 3100 960 3164 manifesta
974 3100 1098 3180 virique
1164 3099 1229 3162 325

195 3203 275 3268 Vera
291 3206 364 3267 mei.
413 3206 485 3268 Nou
501 3205 554 3268 ille
571 3205 712 3286 quidem,
730 3206 758 3268 si
773 3207 897 3287 quaeris‚
915 3205 1052 3287 habebat

191 3309 353 3372 Adsuetos
370 3310 487 3388 vultus,
504 3329 574 3390 nec,
590 3328 654 3389 quo
672 3309 766 3392 prius,
783 3330 835 3373 ore
852 3310 984 3372 nitebat.

190 3415 372 3478 Pallantem
388 3415 573 3494 nudumque
589 3427 620 3477 et
636 3414 742 3478 adhuc
758 3415 912 3477 humente
924 3414 1045 3497 capillo

190 3519 313 3586 Infelix
330 3520 404 3582 vidi.
454 3519 552 3582 Stetit
569 3521 629 3582 hoc
646 3519 833 3582 miserabilis
850 3520 917 3602 ipso

192 3626 301 3688 Ecce!
326 3624 397 3688 loco
410 3627 435 3704 ;'
460 3635 491 3688 at
508 3625 630 3705 quaerit,
648 3625 784 3706 vestigia
799 3625 824 3686 si
841 3644 904 3706 qua
919 3623 1086 3708 supersint.
1165 3621 1230 3684 330

510 3731 545 3791 ll
