2636 4178
486 253 488 258 ’
551 261 662 330 ''noorr
684 281 747 331 xn.

143 441 235 518 Inde,
254 439 344 503 velut
360 458 452 501 muro
468 435 610 500 solidive
627 459 645 498 a
660 449 765 517 caute,
783 440 905 520 repulsu
921 449 990 501 est.»

144 546 224 614 Qut
239 558 350 608 tamen
366 543 449 606 ictus
465 554 540 621 erat,
558 543 721 624 signatum
738 545 893 624 sanguine
911 545 1065 626 Cygnum

147 649 287 728 Viderat,
304 660 336 710 et
353 647 469 711 frustm
483 647 586 711 fuerat
602 649 733 728 gavisus
749 649 911 710 Achilles:

152 753 274 816 Vulnus
289 767 356 816 erat
372 753 517 833 nullum5
541 753 673 834 sanguis
688 751 750 815 fuit
767 753 820 815 ille
837 753 997 816 Menoetae.

153 859 241 925 Tum
257 878 330 921 vero
347 878 487 940 praeoeps
502 877 595 921 curru
611 857 842 920 fremebundus
858 859 898 920 ab
915 857 981 921 alto
1142 860 1184 924 90

149 964 274 1042 Desilit,
291 975 333 1043 et,
350 963 452 1026 nitido
469 963 780 1026 securumcominus
796 963 921 1026 hostem

147 1069 237 1132 Ense
251 1080 373 1152 patene,
390 1086 531 1151 parmam
546 1067 654 1150 gladio
671 1068 858 1150 galeamque
874 1069 979 1131 cavari

143 1175 267 1252 Cernit,
285 1185 318 1236 et
334 1173 461 1236 induro
478 1173 551 1236 laedi
567 1173 694 1255 qudque
709 1193 838 1256 corpore
854 1172 982 1237 serrum.

142 1279 247 1344 Haud
263 1280 337 1342 tulit
354 1278 492 1358 ulterius,
510 1278 688 1361 clypeoque
704 1279 837 1342 adversa
851 1279 983 1342 reducto

147 1386 217 1448 Ter
233 1395 344 1464 quater
359 1402 413 1446 ora
426 1385 497 1463 viri,
513 1383 628 1468 capulo
643 1403 723 1446 cava
739 1395 881 1466 tempora
897 1385 1012 1467 pulsat,
1141 1385 1184 1447 95

152 1489 348 1570 Cedeutique
364 1508 500 1570 sequens
515 1490 623 1566 instat,
640 1489 818 1569 turbetque,
835 1491 971 1569 ruitque,

153 1595 355 1675 Attonitoque
371 1605 467 1677 negat
482 1596 636 1675 requiem.
672 1593 788 1670 ¹Pavor
803 1607 938 1676 occupat
955 1594 1057 1672 illum,

153 1701 240 1761 Ante
256 1700 422 1781 oculosque
438 1710 549 1763 natant
567 1700 729 1780 tenebrae3
754 1711 897 1778 retroque
914 1697 1028 1763 serenti

149 1807 287 1868 Aversos
302 1825 411 1888 passus
427 1804 534 1868 medio
550 1805 630 1887 lapis
645 1804 769 1866 obstitit
784 1825 870 1882 arvo,

145 1910 258 1978 Quem
275 1931 368 1992 snper
385 1910 559 1991 impulsum
575 1911 725 1991 resupino
743 1921 868 1992 pectore
885 1912 1038 1992 Cygnum
1122 1908 1184 1972 100

146 2013 187 2078 Vi
199 2011 306 2077 multa
322 2017 426 2095 vertit,
444 2026 596 2103 terraeque
613 2015 726 2078 afflixit
744 2015 894 2078 Achillea.

149 2120 248 2199 Tum,
265 2120 381 2202 clypeo
398 2121 596 2201 genibusque
615 2141 762 2201 premens
780 2122 952 2202 praecordia
968 2120 1064 2200 duris,

149 2225 262 2288 Vincla
277 2226 373 2288 trahit
389 2225 498 2307 galeae,
515 2245 587 2306 quae
602 2247 708 2308 presso
725 2226 851 2288 subdita
867 2237 977 2288 mento

145 2331 284 2394 Elidunt
299 2330 419 2410 souceS,
436 2343 468 2395 at
485 2332 677 2414 respiramen
694 2332 815 2410 iterque

145 2437 298 2518 Eripiunt
315 2437 440 2499 animae.
488 2435 618 2499 Victum
634 2435 768 2517 spoliare
786 2437 937 2516 parabat?
1121 2434 1184 2497 105

148 2544 246 2602 Arma
260 2541 372 2604 relicta
386 2540 472 2604 videt
486 2562 493 2621 ;
518 2559 631 2621 corpus
647 2540 726 2610 deus
742 2540 878 2618 aequoris
893 2539 1000 2600 elbam
1215 2529 1218 2542 '

147 2646 295 2709 Contulit
312 2646 344 2709 in
360 2647 537 2723 volucrem,
554 2643 648 2723 cujus
664 2642 762 2706 modd
778 2661 896 2704 nomen
912 2643 1060 2704 habebat.

428 2923 589 2966 scalenus
614 2921 709 2964 snam
731 2921 772 2962 ΒΥ
795 2921 898 2962 nume.

598 3076 629 3119 v.
655 3057 729 3120 580.

151 3179 193 3240 At
208 3178 299 3256 deus,
316 3198 480 3260 aequoreas
497 3181 552 3272 qui
566 3178 697 3261 cuspide
715 3189 868 3259 temperat
885 3177 996 3256 undas,

145 3284 184 3346 In
203 3283 367 3347 volucrem
384 3304 498 3366 corpus
514 3283 581 3347 uati
599 3283 809 3346 Stheneleida
824 3301 953 3345 versum

143 3387 258 3450 Mente
275 3389 362 3452 dolet
378 3390 487 3472 patrii,
504 3407 690 3468 saevumque
708 3407 838 3469 perosus
854 3385 1016 3449 Achillem
1123 3384 1186 3448 110

146 3493 289 3556 Exercet
307 3513 464 3558 memores
481 3493 664 3577 plusquam
680 3493 818 3554 civiliter
834 3491 903 3552 iras.

143 3579 283 3678 Jamque
300 3597 365 3662 ferd
383 3609 482 3662 tracto
498 3598 563 3661 duo
581 3618 633 3680 per
649 3595 867 3676 quinquennia
882 3594 977 3673 bello,

145 3699 289 3768 'Palibus
305 3704 468 3768 intonsum
485 3703 655 3786 compellat
673 3702 843 3765 Sminthea
858 3701 975 3764 dictis:
