2636 4178
579 236 679 288 BOOK
700 238 776 288 vm.

154 395 373 475 Deseruitque
389 391 525 474 ducem;
549 367 685 475 coelique
701 393 851 478 cupidine
868 404 981 474 tactus,

156 502 263 567 Altius
279 501 347 582 egit
364 499 433 562 iter.
481 497 599 580 Rapidi
615 498 736 561 vicinia
751 500 827 562 solis

159 606 264 670 Mollit
281 605 437 683 odoratas,
454 623 630 687 pennarum
649 605 786 682 vincula,
803 624 900 668 ceras.

164 711 346 774 Tabuerant
362 727 463 771 cerae:
487 708 591 772 nudos
606 711 708 789 quatit
725 709 778 771 ille
795 710 939 789 lacertoS,

165 815 378 897 Remigioque
394 831 508 892 carens⁴
520 833 586 877 non
603 814 683 876 ullas
699 814 839 896 concipit
855 834 966 895 auras;

164 921 286 1000 Oraque
301 903 454 997 cerulea,
464 918 602 1000 patrium
617 919 939 998 clamantianomen,
974 973 979 978 .

160 1023 377 1107 Excipiuntur
391 1021 488 1102 aqui,
503 1043 574 1104 quae
590 1043 710 1088 nomen
725 1026 821 1088 traxit
837 1026 877 1088 ab
894 1025 959 1088 illo.

156 1131 201 1194 At
217 1142 307 1212 pater
323 1127 446 1203 infelix,
463 1147 523 1190 nec
535 1126 603 1206 jam
620 1142 717 1211 pater,
737 1130 864 1210 ‘lcare,’
880 1129 973 1209 dixit,

156 1235 290 1312 ‘lcare,’
307 1232 399 1310 dixit,
418 1232 493 1294 ‘ubi
508 1233 563 1295 es?
587 1233 650 1313 qua
665 1245 695 1296 te
712 1235 841 1316 regione
859 1235 1041 1315 requiram?

157 1340 270 1414 Icare,’
287 1337 433 1400 dicebat:
458 1338 580 1419 pennas
594 1339 761 1420 conspexit
778 1341 810 1401 in
829 1339 933 1418 undis,

164 1442 369 1523 Devovitque
385 1463 458 1506 suas
473 1454 566 1522 artae,
583 1463 761 1526 corpusque
777 1445 922 1526 sepulcro

167 1547 337 1627 Condidit;
359 1558 390 1610 et
406 1547 502 1610 tellus
517 1567 537 1608 a
552 1548 684 1610 nomine
700 1548 788 1610 dicta
803 1548 930 1630 sepulti.

610 1801 743 1855 euanrx.

204 1969 306 2032 Hunc
322 1969 431 2032 miseri
446 1969 571 2032 tumulo
587 1981 760 2051 ponentem
776 1951 908 2052 corpora
922 1969 990 2034 nati

161 2074 296 2137 Garrula
310 2075 436 2136 ramost
450 2075 611 2156 prospexit
628 2076 668 2137 ab
685 2076 756 2138 ilice
773 2069 894 2158 perdix,

163 2178 205 2242 Et
222 2179 340 2262 plausit
355 2181 480 2262 pennis,
498 2191 672 2260 testataque
689 2182 808 2262 gaudia
822 2191 919 2244 cantu
935 2190 1004 2260 est3

162 2285 268 2348 Unica
283 2295 360 2348 tunc
376 2285 525 2364 volucris,
541 2305 601 2346 nec
619 2287 686 2347 visa
702 2285 857 2366 prioribus
872 2286 975 2363 anule,

159 2390 327 2470 Factaque
343 2409 444 2472 nuper
459 2390 538 2468 avis,
555 2391 690 2471 longum
706 2389 775 2468 tibi,
793 2390 937 2468 Daedale,
954 2390 1085 2452 crimen.

161 2493 309 2576 Namque
326 2495 402 2557 huic
419 2495 598 2573 tradiderat,
616 2493 755 2555 fatorum
772 2494 891 2574 ignara,
908 2493 1088 2556 docendam

162 2599 355 2680 Progeniem
371 2618 521 2681 germana
536 2619 638 2676 suam,
656 2597 816 2660 natalibus
831 2598 912 2660 actis

161 2704 218 2766 Bis
234 2723 368 2786 puerum
385 2706 480 2782 senis,
496 2705 596 2767 animi
613 2703 652 2765 ad
670 2713 828 2785 praecepta
842 2701 977 2785 capacis.

161 2809 222 2872 llle
240 2811 337 2872 etiam
355 2809 462 2872 medio
478 2809 585 2892 spinas
602 2810 634 2871 in
651 2809 737 2892 pisce
753 2820 879 2872 notatas

161 2913 281 2977 Traxit
297 2915 331 2976 in
347 2915 541 2996 exemplum,
558 2914 701 2993 ferroque
719 2913 832 2977 incidit
847 2925 942 2978 acuto

161 3019 340 3100 Perpetuos
355 3019 478 3098 dentes,
495 3031 527 3082 et
544 3039 635 3082 serrae
652 3020 766 3101 reperit
784 3039 888 3084 usum.

162 3124 290 3187 Primus
306 3136 338 3186 et
354 3145 396 3187 ex
412 3145 477 3188 uno
493 3125 558 3187 duo
574 3123 674 3188 ferrea
689 3126 819 3187 brachia
833 3125 919 3188 nodo

162 3229 287 3308 Vinxit,
304 3240 349 3310 ut,
366 3230 482 3310 aequali
498 3229 599 3312 spatio
616 3230 809 3292 distantibus
824 3229 897 3308 illis,

159 3336 274 3399 Altera
289 3355 360 3418 pars
376 3346 481 3413 staret,
499 3355 569 3417 pars
580 3320 683 3396 ‘altera
697 3334 828 3397 duceret
844 3335 964 3397 orbem.

207 3439 363 3502 Daedalus
378 3440 505 3518 invidit,
522 3440 671 3519 sacrique
688 3459 729 3502 ex
745 3459 815 3500 arce
833 3439 988 3502 Minerva

158 3545 367 3628 Praecipitem
383 3545 480 3625 misit,
497 3545 622 3628 lapsum
639 3544 802 3607 mentitus.
850 3547 892 3606 At
909 3544 1011 3624 illum,

160 3650 253 3720 Quae
270 3649 359 3714 favet
374 3651 523 3734 ingeniis,
539 3649 666 3733 excepit
683 3649 797 3728 Pallas,
814 3669 972 3733 avemque

476 3759 497 3820 9
