2636 4178
570 249 670 303 BOOK
691 253 726 303 X.

133 411 192 474 Sic
208 408 276 472 ait:
304 405 352 469 ‘O
368 406 463 490 positi
478 407 538 471 sub
553 407 636 471 terri
650 407 785 470 numina
799 408 925 488 mundi,

134 517 177 579 ln
192 534 289 596 quem
307 512 488 577 decidimus
503 511 657 595 quicquid
672 514 804 576 mortale
821 533 984 578 creamur·

142 619 180 682 Si
193 619 277 697 iicet,
294 630 338 700 et,
355 616 428 680 falsi
443 617 555 700 positis
568 617 759 700 ambagibus
774 619 846 698 oris,

144 721 226 786 Vera
238 723 325 807 loqui
341 723 447 786 sinitis
460 743 469 802 ς
493 742 559 785 non
576 722 649 801 huc,
657 733 703 784 ut
718 741 819 804 opaca
834 722 977 788 viderem
1131 725 1175 790 20

146 827 284 906 Tartara,
300 827 464 908 descendi,
481 847 541 890 nec
559 826 604 890 uti
620 827 735 889 villosa
749 827 890 890 colubris

143 932 253 994 'Perna
268 932 424 996 Medusaei
440 931 595 995 vincirem
611 941 741 1013 guttura
757 933 909 1012 monstri;

140 1038 246 1100 Causa
261 1037 324 1100 viae
339 1047 388 1099 est
404 1033 535 1114 conjux,
553 1037 587 1099 in
603 1045 698 1117 quam
713 1037 836 1100 calcata
850 1057 1012 1100 venenum

137 1140 255 1225 Vipera
269 1141 410 1221 diffudit,
425 1152 665 1222 crescentesque
681 1142 811 1205 abstulit
827 1161 936 1206 annos.

134 1245 234 1309 Posse
252 1244 433 1328 pativolui,
450 1264 509 1308 nec
525 1265 578 1309 me
595 1246 733 1310 tertiasse
749 1248 896 1329 negabo;
1129 1248 1174 1312 25
1252 1283 1257 1288 ·

136 1349 225 1413 Vicit
240 1353 348 1413 Amor.
397 1350 520 1433 Superi
534 1350 613 1417 deus
629 1352 683 1413 hie
698 1352 779 1414 bene
797 1363 892 1415 notus
908 1353 942 1416 in
957 1353 1013 1417 ori
1027 1363 1084 1416 est.

142 1456 193 1516 Au
209 1455 251 1516 sit
266 1465 297 1516 et
312 1455 377 1533 hic,
394 1454 527 1536 dubito;
550 1455 606 1519 sed
622 1468 655 1518 et
671 1453 727 1518 hic
744 1465 852 1519 tamen
867 1477 1004 1540 auguror
1019 1477 1100 1536 esse,

144 1558 309 1638 Famaque
323 1559 349 1623 si
363 1560 480 1624 veteris
496 1580 562 1624 non
578 1572 627 1624 est
643 1561 779 1624 mentita
794 1561 923 1643 rapinae,

144 1663 211 1726 Vos
223 1665 343 1744 queque
354 1663 465 1744 junxit
477 1667 585 1729 Amor.
622 1666 682 1732 Per
694 1686 755 1748 ego
768 1665 838 1729 hac
852 1667 922 1728 loca
935 1665 1028 1748 plena
1040 1667 1173 1746 umoris,

141 1768 203 1831 Per
218 1769 322 1832 Chaos
337 1771 399 1834 hoc
416 1771 539 1854 ingens,
557 1772 702 1853 vastique
718 1771 847 1834 silentia
859 1771 960 1854 regni,
1131 1771 1174 1836 30

136 1873 330 1960 Eurydices,
348 1895 413 1956 oro,
429 1887 593 1960 properata
608 1878 743 1940 retexite
759 1875 844 1940 fata!

136 1979 256 2042 Omnia
270 1978 429 2044 debentur
444 1980 546 2060 vobis,
563 1980 758 2064 paulquue
775 1983 898 2062 morati,

25 2122 29 2133 -
141 2082 247 2148 Serius
262 2095 319 2148 aut
334 2085 428 2150 eitiirs
443 2085 552 2149 sedem
569 2106 771 2169 properamus
786 2088 826 2150 ad
844 2107 949 2153 unam.

141 2187 322 2253 Tendimus
338 2192 403 2253 huc
418 2210 540 2269 omnes,
558 2192 627 2254 haec
644 2204 692 2255 est
707 2193 822 2256 domus
837 2192 961 2272 ultima,
978 2213 1099 2276 vosque

136 2292 284 2358 Humani
299 2295 424 2376 generis
439 2294 627 2377 longissime
642 2317 740 2380 regna
755 2299 881 2360 tenetis.
1130 2297 1174 2361 35

135 2399 219 2462 Haec
235 2399 372 2480 quique,
388 2401 462 2464 cirm
474 2399 579 2479 justos
595 2413 719 2465 mature
734 2413 888 2484 peragent
904 2422 1015 2482 annos,

138 2501 221 2566 Juris
236 2505 295 2566 erit
311 2506 417 2584 qestri.
464 2506 525 2570 Pro
541 2526 674 2569 munere
689 2507 852 2588 poscimus
866 2525 971 2568 usum.

140 2606 238 2674 Qued
253 2609 281 2671 si
295 2608 361 2672 feta
376 2621 494 2694 negant
510 2613 640 2674 veniam
656 2631 712 2693 pro
728 2608 878 2691 conjuge,
893 2622 1019 2674 certum
1034 2621 1083 2674 est

134 2711 229 2776 Nolle
245 2714 345 2777 redire
357 2716 456 2778 mihi:
482 2715 546 2778 leto
563 2715 699 2798 gaudete
716 2715 876 2778 duorum!

181 2817 279 2880 Talia
293 2818 454 2883 dicentem
471 2839 647 2900 nervosque
664 2820 706 2882 ad
720 2820 817 2883 verba
833 2829 1020 2884 moventem
1128 2819 1171 2886 tu

135 2921 329 3003 Exsangues
344 2924 464 2988 fiebant
480 2925 616 3005 animae3
641 2945 700 2989 nec
718 2925 878 2990 Tantalus
893 2924 1015 2990 undam

136 3028 285 3108 Captavit
301 3027 457 3112 refugam,
474 3031 659 3112 stupuitque
676 3031 800 3094 Ixionis
816 3032 912 3111 orbis,

136 3127 202 3193 Nec
216 3135 360 3214 carpsere
373 3133 465 3214 jecur
480 3135 634 3214 volucres,
652 3137 802 3216 urnisque
818 3137 972 3200 vacdrunt

134 3233 273 3316 Belides,
290 3239 386 3318 inque
403 3250 459 3302 tuo
475 3239 595 3319 sedisti,
614 3240 763 3324 Sisyphe,
780 3261 867 3304 saxo.
970 3309 974 3311 ,

133 3340 234 3404 Tunc
251 3343 389 3425 primirm
404 3343 555 3426 iacrymis
571 3346 728 3410 victarum
743 3345 884 3408 carmine
900 3342 987 3407 sama
1002 3355 1051 3408 est
1127 3343 1171 3408 45

130 3447 358 3511 Eumenidum
373 3449 533 3512 maduisse
550 3469 670 3532 gerras;
694 3470 754 3514 nec
770 3451 858 3532 regia
871 3447 994 3529 conjux

133 3551 284 3616 Sustinet
300 3554 411 3634 oranti,
428 3573 500 3635 nec,
517 3555 572 3638 qui
588 3557 669 3638 regit
686 3555 761 3634 ima,
777 3573 904 3638 negare,
