2636 4178
108 222 173 286 162
371 266 378 280 ·
406 241 523 295 ovm’e
544 239 865 294 rmeauoasnosae.

107 398 282 482 Tyndaris,
298 408 331 461 et
346 417 466 476 secum
482 415 540 460 cur
554 395 596 460 sit
610 395 661 460 bis
675 406 773 479 rapta,
789 395 928 476 requirit.

107 505 256 588 Tempus
271 502 355 567 edax
369 521 475 566 rerum
490 512 600 583 tuque,
616 501 776 565 invidiosa
790 512 945 582 vetustas,
1082 499 1145 566 1⁷0

108 609 227 672 Omnia
241 607 413 686 destruitis,
430 606 603 687 vitiataque
618 605 773 669 dentibus
786 606 849 668 oevi

107 713 266 776 Paulatim
280 713 370 776 lenti
383 711 574 774 consumitis
589 701 704 774 omnia·
713 719 825 774 morte.

153 819 202 882 Ne
220 830 329 882 tamen
344 817 452 880 oblitis
466 814 508 879 ad
522 816 790 880 metam-tendere
805 815 901 898 longi

109 923 337 1006 Exspatiemur
350 921 463 1003 equis:
486 921 605 984 ooelum
621 932 653 983 et
669 919 883 1001 quodcunque
899 921 959 984 sub
976 919 1031 983 illo
1046 931 1106 1000 est,

108 1030 263 1092 Immutat
279 1027 406 1105 formas,
424 1023 581 1107 tellusque
608 1035 641 1088 et
657 1024 810 1107 quioquid
826 1025 859 1088 in
876 1024 1004 1090 intest.
1082 1026 1144 1092 lto

108 1133 175 1197 Nos
190 1133 328 1213 qubque,
344 1151 414 1214 pars
429 1131 552 1210 mundi,
569 1130 721 1212 quoniam
738 1149 803 1194 non
819 1149 951 1213 corpora
965 1130 1078 1211 solinu,

109 1235 228 1301 Verum
244 1238 343 1300 etiam
356 1236 504 1300 volucres
519 1225 635 1299 anirnae
651 1256 773 1313 sumus,
789 1237 888 1316 'inque
904 1235 1021 1300 ferinas

108 1343 284 1406 Possumus
299 1343 342 1406 iro
358 1341 472 1404 domos
488 1341 712 1424 pecudumque
728 1340 762 1404 in
778 1353 906 1423 pectora
920 1341 1039 1406 condi:

110 1449 260 1529 Corpora,
277 1467 350 1528 quae
365 1458 499 1530 possunt
515 1447 637 1509 animas
653 1445 803 1508 babuisse
820 1457 987 1527 parentum

109 1554 176 1616 Aut
192 1552 325 1616 fratrum
340 1563 395 1616 aut
410 1551 518 1634 aliquo
530 1549 717 1631 junctorum
732 1548 850 1613 sedere
867 1551 971 1628 nobis,
1085 1551 1148 1614 18⁰

110 1658 178 1721 Aut
194 1659 365 1722 hominum
380 1657 475 1736 oert'e,
493 1667 562 1719 tuta
576 1675 645 1718 esse
661 1664 693 1717 et
709 1656 846 1718 honesta
859 1655 1013 1737 sinamus,

110 1759 201 1826 Neve
218 1763 396 1845 Thyesteis
411 1761 615 1824 cumulemus
631 1761 754 1822 viscera
769 1761 899 1822 mensis.

112 1866 224 1936 Quam
240 1867 324 1930 male
340 1867 532 1943 consuescit,
549 1866 646 1946 quim
657 1885 695 1928 ,se
712 1874 799 1947 parat
815 1864 869 1928 ille
884 1863 986 1928 cruori

111 1972 235 2054 Impius
250 1973 403 2048 hunuano,
421 1970 515 2033 vituli
530 1971 585 2050 qui
602 1982 733 2052 guttura
748 1971 851 2034 cultro

111 2075 257 2158 Rumpit,
273 2086 306 2138 et
321 2075 471 2138 immotae
486 2075 605 2155 praebet
620 2075 797 2156 mugitibus
814 2093 922 2152 aures3
1081 2070 1146 2134 18⁵

111 2182 178 2244 Aut
193 2179 249 2261 qui
265 2179 393 2260 vagitus
409 2179 529 2242 similes
547 2179 721 2260 puerilibus
737 2178 871 2242 hoedum

112 2285 275 2348 Edentem
288 2282 435 2365 jugulare
452 2293 567 2366 potest,
584 2294 640 2346 aut
655 2283 730 2346 alite
747 2282 846 2361 vesci,

111 2390 174 2454 Oui
189 2389 278 2452 dedit
293 2390 361 2471 ipse
376 2387 485 2456 eibos!
509 2398 666 2470 quantum
681 2399 739 2468 est,
755 2387 842 2468 quod
857 2386 940 2450 desit
956 2386 991 2449 in
1007 2384 1077 2448 istis

111 2494 163 2560 Ad
179 2495 309 2578 plenum
325 2493 474 2558 facinus?
496 2493 561 2576 qub
576 2493 726 2558 transitus
742 2491 816 2555 inde
834 2491 981 2573 paratur?

156 2601 221 2664 Bos
236 2611 314 2678 aret,
330 2610 385 2662 aut
402 2610 534 2663 mortem
550 2598 729 2663 senioribus
745 2597 884 2678 imputet
899 2596 1014 2676 annis,
1086 2592 1148 2656 190

110 2704 312 2769 Horriserum
328 2717 440 2768 contra
455 2705 578 2768 Borean
594 2703 665 2766 ovis
680 2721 768 2766 arma
782 2702 960 2781 ministret;
977 2686 981 2694 ’

113 2811 219 2874 Ubere
234 2809 311 2874 deut
327 2821 442 2872 saturae
459 2810 609 2872 manibus
625 2806 795 2890 pressanda
810 2806 951 2890 capellae.

110 2914 207 2979 Retia
222 2934 297 2977 cum
313 2912 432 2996 pedicis
448 2913 643 2994 laqueosque
659 2923 804 2993 artesque
821 2911 948 2974 dolosas

112 3019 247 3098 Tollite,
263 3038 323 3083 nec
339 3016 504 3082 volucrem
521 3016 643 3081 viscatd
660 3016 761 3080 fallite
779 3014 880 3100 virgi,

109 3125 177 3190 Nec
194 3123 372 3188 formidatis
386 3143 499 3188 cervos
514 3122 671 3186 includite
688 3122 804 3206 pinnis,
1087 3117 1150 3182 195

95 3229 178 3294 'Nec
193 3230 294 3294 celate
309 3229 390 3294 cibis
407 3248 507 3293 uncos
522 3227 690 3292 fallacibus
704 3227 826 3290 hamos.

109 3334 248 3415 Perdite,
258 3335 285 3398 si
299 3345 509 3416 quanocent;
526 3333 636 3397 verbm
646 3334 716 3398 haec
729 3332 856 3413 quique
868 3328 990 3413 perdite
1005 3329 1149 3394 tantum:
1205 3388 1212 3394 .

110 3441 174 3505 Ora
189 3449 303 3504 vacent
318 3438 431 3522 epulis,
448 3438 665 3520 alimentaque
680 3437 774 3500 mitia
788 3436 940 3521 carpant!
