2646 4176
593 357 692 411 noorr
712 359 735 411 1.
1145 341 1186 406 13

147 511 444 597 FoedaLycaoniae
459 511 769 604 referens2conuiria
782 533 914 597 mensa,
1122 517 1187 582 165

145 619 302 703 Ingentes
317 619 428 682 animo
443 629 475 682 et
491 617 606 702 dignas
621 617 702 708 Jore
718 621 860 703 concipit
875 621 946 700 iras,

142 724 396 805 conciliumque
412 733 522 787 vocat:
564 723 692 788 Tenuit
708 743 798 788 mora
812 725 902 789 nulla
915 735 1057 791 vocatos.

187 829 253 894 Est
269 829 325 892 via
338 827 495 909 sublimis,
512 829 595 900 coelo
610 828 783 896 manifesta
796 847 918 911 sereno,

146 935 269 998 Lactea
283 951 403 997 nornen
417 934 527 1014 habet,
543 935 681 998 candore
696 933 847 998 notabilis
863 937 951 1019 ipso:

147 1039 220 1103 Hae
235 1039 297 1102 iter
311 1048 361 1101 est
376 1039 499 1122 superis
514 1039 554 1102 ad
567 1041 677 1122 magni
692 1041 778 1103 'tecta
793 1039 956 1130 Tonantis
1122 1040 1185 1105 170

147 1143 368 1226 Regalemque
385 1143 529 1208 domum.
556 1141 558 1146 ’
575 1145 697 1210 Dextri
712 1143 857 1226 laurique
873 1145 1008 1212 deorum

149 1249 238 1312 Atria
252 1247 412 1312 nobilium
427 1248 532 1313 valvis
546 1245 747 1314 celebrantur
761 1251 897 1334 apertis3

151 1353 245 1416 Plebs
258 1353 382 1415 habitat
397 1353 522 1443 diversa
537 1354 626 1418 locis.
674 1353 704 1418 A
719 1353 823 1418 fronte
839 1365 986 1440 potentes

158 1447 312 1520 ocricolssae
327 1456 467 1538 clarique
483 1479 558 1522 suos
573 1460 708 1542 posuere
724 1472 866 1540 penates.

164 1561 226 1624 llic
238 1561 324 1624 locus
337 1572 395 1641 est,
412 1581 519 1643 quem,
536 1563 565 1626 si
582 1561 688 1626 verbis
702 1561 954 1641 andacia-detur,
1123 1560 1163 1625 1⁷
1165 1561 1186 1624 5
1271 1587 1276 1596 ·

161 1665 255 1728 Haud
270 1666 396 1731 timeam
412 1667 523 1750 magni
538 1665 660 1730 dixisse
677 1666 800 1746 Palatia
815 1665 898 1730 coeli.
1197 1651 1206 1671 ⁸

193 1771 281 1854 Ergo
297 1773 354 1835 ubi
369 1771 547 1836 marmoreo
564 1772 671 1855 superi
686 1771 796 1835 seddre
812 1791 949 1852 recessu,

149 1878 270 1941 Celsior
286 1878 352 1960 ipse
368 1877 441 1940 loco
457 1889 645 1960 sceptroque
662 1877 793 1941 innixus
809 1877 933 1940 ebnmo

149 1982 340 2047 Tenificam
355 1981 470 2066 capitis
485 1983 648 2047 concussit
665 1993 776 2064 terque
793 1993 968 2063 quaterque

147 2087 330 2166 Oaesariem,
347 2088 504 2168 cumquei
519 2097 643 2167 terram,
656 2107 753 2166 mare,
770 2087 875 2150 sidera
889 2088 1001 2150 movit.
1122 2085 1186 2150 180

48 2180 58 2219 ⁸
148 2193 288 2256 Talibus
304 2190 378 2254 inde
394 2193 499 2256 modis
515 2213 569 2256 ora
583 2191 786 2274 indignantia
800 2192 918 2255 solvit:

149 2297 240 2370 ‘Non
255 2315 318 2378 ego
334 2316 389 2380 pro
404 2297 519 2360 mundi
534 2315 632 2379 regno
648 2297 752 2379 magis
767 2297 884 2359 anxius
900 2293 955 2359 nn

148 2402 358 2483 Tempestate
374 2399 433 2480 sui,
446 2401 514 2482 qul
529 2411 661 2465 centurn
677 2403 813 2481 quisque
830 2401 960 2482 parabat

148 2505 284 2586 Injicere
299 2505 519 2588 anguipedum
534 2506 662 2587 captivo
679 2505 811 2566 brachia
825 2505 917 2565 coelo.

147 2611 241 2690 Nam,
253 2629 438 2696 quanquam
453 2609 540 2674 ferus
555 2598 658 2672 hostis
670 2617 747 2688 erat,
760 2617 870 2668 tamen
886 2605 966 2668 illud
978 2608 1018 2670 ab
1030 2627 1097 2670 uno
1123 2609 1186 2672 185

71 2721 75 2732 “
148 2717 286 2798 Corpore
302 2726 392 2778 etex
407 2715 474 2778 und
488 2713 648 2798 pendebat
664 2713 788 2796 origine
805 2711 938 2776 bellum.

149 2821 243 2884 Nunc
259 2821 350 2899 mihi,
367 2821 432 2901 qud
447 2830 552 2884 totum
568 2819 690 2884 Nereus
706 2819 921 2882 circumsonat
937 2820 1057 2900 orbem,

149 2924 352 2988 Perdendum
367 2936 415 2988 est
431 2925 565 2988 mortale
580 2937 693 3006 genus.
741 2923 802 2986 Per
816 2923 954 2987 flumina
964 2922 1037 3004 juro

50 3034 60 3083 l
147 3028 264 3111 Insere,
281 3031 341 3093 sub
356 3041 453 3093 terras
470 3029 588 3111 Stygio
603 3029 746 3093 labentia
760 3029 844 3109 luco,

146 3137 275 3199 Cuncta
290 3133 376 3218 priris
391 3145 532 3215 tentata3
557 3135 612 3198 sed
630 3135 864 3198 immedicabile
881 3132 1000 3198 vulnus
1123 3133 1185 3198 190

147 3239 237 3304 Ense
252 3239 463 3302 recidendum
478 3250 537 3318 est,
553 3259 594 3302 ne
611 3260 682 3322 pars
699 3239 824 3303 sincera
839 3241 992 3303 trahatur.
1036 3254 1038 3258 ’

147 3344 233 3407 Sunt
248 3344 331 3408 mihi
348 3343 503 3423 Semidei,
520 3356 594 3435 sqnt
610 3345 728 3407 rustica
742 3345 886 3424 numina,
903 3344 1065 3427 Nymphae

65 3496 71 3535 :
146 3448 321 3528 Faunique
339 3447 514 3530 Satyrique
530 3458 562 3510 et
579 3449 763 3511 monticolae
782 3447 927 3529 Silvani;

144 3551 243 3620 Quos
258 3553 412 3632 qnoniam
427 3552 503 3617 coeli
518 3553 665 3617 nondum
680 3553 853 3635 dignamur
868 3555 1000 3632 honore,

144 3655 243 3724 Quas
258 3657 417 3738 dedimus,
434 3657 519 3722 certe
536 3668 634 3721 terras
650 3657 794 3720 habitare
811 3661 963 3720 sinamus.
1124 3655 1187 3720 195

71 3806 75 3873 Ι
143 3763 201 3828 An
215 3761 307 3846 satis,
324 3786 343 3828 o
360 3765 476 3848 superi,
493 3774 582 3827 tutos
597 3762 665 3827 fore
681 3763 811 3826 creditis
827 3762 909 3838 illos,

457 3874 479 3934 2
