2636 4178
582 285 682 338 soon
703 286 780 336 xm.
1138 262 1202 328 rte

156 442 255 506 Nunc
271 438 369 506 etiam
385 437 501 524 praedae
517 441 602 504 mala
617 461 704 521 sors3
729 460 824 522 quam
840 440 943 504 victor
959 441 1071 506 Ulixes

157 548 240 612 Esse
257 566 350 609 suern
367 544 483 625 nollet,
493 545 558 610 nisi
572 546 657 627 quod
674 558 782 610 tamen
799 546 941 610 Hectora
956 555 1048 630 partu

161 651 325 714 Ediderat.
375 649 554 720 Dominum
568 651 662 714 matri
677 651 735 713 vix
750 651 865 733 reperit
882 651 1014 714 Hector.

95 747 104 760 ’
164 755 251 822 Qua
265 773 380 836 corpus
395 755 565 838 complexa
579 756 697 818 animae
713 765 778 818 tam
793 754 884 820 fortis
900 757 1005 836 inane,
1135 753 1202 818 486

165 860 258 928 Quas
272 861 368 924 toties
383 861 493 942 patriae
509 846 638 924 dederat
654 861 799 942 natisque
817 861 959 942 viroque,

163 965 252 1028 Huic
267 965 394 1045 qndque
410 965 465 1027 dat
480 964 656 1048 lacrymas;
680 965 837 1046 lacrymas
853 966 887 1030 irr
903 965 1037 1028 vulnera
1051 962 1169 1044 fundit,

163 1068 344 1149 Osculaque
360 1089 414 1131 ore
429 1071 519 1153 tegit,
536 1081 752 1152 consuetaque
768 1082 896 1153 pectora
910 1070 1044 1154 plangit,

159 1174 383 1254 canitiemque
399 1193 492 1236 suam
508 1186 657 1238 concreto
673 1174 878 1257 insanguine
895 1195 1033 1254 verrens,

158 1277 258 1342 Plura
273 1277 414 1359 quidem,
430 1278 487 1340 sed
503 1287 536 1340 et
551 1279 622 1342 hacc
638 1279 758 1342 laniato
774 1292 901 1362 pectore
916 1280 1020 1343 dixit:
1132 1277 1200 1342 400

163 1383 266 1446 ‘Nata
280 1393 346 1446 ture
363 1381 454 1465 (quid
470 1384 557 1446 enim
573 1384 752 1471 superesti)
767 1384 857 1447 dolor
873 1385 986 1448 ultime
1002 1382 1122 1462 metris,

165 1487 257 1565 Nata,
269 1484 366 1566 jaces,
383 1487 541 1569 videoque
558 1499 661 1568 tuum,
677 1509 751 1554 mea
765 1489 909 1567 vulnera,
925 1489 1055 1552 vulnus.

169 1591 224 1667 Et,
240 1611 279 1654 ne
296 1591 480 1674 perdiderim
498 1612 680 1678 quenquam
697 1593 766 1656 sine
782 1592 872 1657 caede
888 1612 1044 1670 meorum,

170 1695 225 1759 Tu
241 1695 362 1780 quique
379 1697 498 1760 vulnus
514 1697 623 1762 hebes.
671 1699 714 1764 At
731 1707 772 1776 te,
790 1699 866 1782 quia
881 1696 1011 1776 femina,
1028 1697 1119 1762 rebar

165 1802 196 1866 A
211 1800 290 1890 ferro
305 1811 428 1882 tutam3
452 1801 597 1872 cecidisti
612 1813 644 1865 et
660 1801 780 1866 femine
795 1802 887 1881 ferro,
991 1841 993 1844 -
1136 1799 1202 1866 tet

165 1906 295 1988 Totque
312 1919 384 1972 tuos
399 1908 485 1972 idem
501 1884 622 1986 fratres,
640 1918 671 1970 te
688 1907 824 1992 perdidit
840 1908 925 1972 idern

163 2001 315 2076 Eliitium
332 2010 452 2092 Trojae,
468 2013 630 2094 nostrique
646 2013 781 2093 orbator,
797 2013 950 2078 Achilles.

166 2119 391 2202 Atpostquam
405 2117 523 2180 cecidit
539 2117 662 2182 Paridis
678 2119 856 2201 Phoebique
874 2119 999 2202 sagittis
1012 2139 1020 2198 ;

167 2222 287 2286 “Nunc
303 2221 421 2300 certe‚’'
437 2221 517 2301 dixi,
536 2229 555 2261 “
566 2242 629 2286 uon
646 2235 694 2287 est
710 2225 904 2287 metuendus
920 2213 1097 2290 Achilles.’'

164 2326 259 2390 Nunc
274 2325 400 2407 quoqne
415 2325 463 2389 mi
477 2327 671 2420 metuendus
686 2341 761 2391 erat.
809 2317 900 2392 Ginis
916 2328 982 2412 ipse
998 2327 1116 2411 sepulti
1137 2326 1202 2390 600

164 2432 204 2494 In
213 2449 323 2514 -genus
338 2432 400 2495 hoc
416 2433 527 2512 saevit;
552 2432 677 2495 tumulo
692 2432 819 2512 quoque
833 2433 994 2496 sensimus
1009 2432 1158 2495 hostem:

164 2534 308 2598 AEacidae
324 2535 463 2600 fecunda
477 2536 535 2600 lui.
582 2537 673 2600 Jacet
690 2535 773 2598 Ilion
790 2538 915 2618 ingens,

166 2639 360 2721 Eventuque
377 2641 467 2723 gravi
484 2641 576 2705 finita
590 2650 639 2704 est
655 2639 785 2723 publica
799 2639 927 2720 clades3

166 2744 234 2808 Sed
248 2745 341 2808 finita
354 2758 472 2812 tamen.
521 2745 591 2808 Soli
606 2745 688 2808 milri
705 2743 860 2827 Pergama
874 2754 1004 2823 restant,

166 2850 206 2912 In
221 2870 379 2932 cursuque
395 2871 488 2914 meus
503 2850 593 2913 dolor
608 2861 667 2914 est.
714 2850 814 2914 Modd
828 2850 972 2913 maxima
986 2867 1102 2928 rerum,
1137 2847 1204 2910 606

167 2955 235 3018 'Pot
252 2958 377 3037 generis
393 2957 538 3038 natisque
554 2966 668 3038 potens
684 2957 880 3036 nuribusque
896 2955 1039 3035 viroque,

166 3058 260 3123 Nunc
277 3060 383 3124 trahor
401 3059 503 3140 exstd,
520 3061 622 3144 inops,
640 3061 772 3124 tumulis
786 3060 900 3124 avrrlsa
915 3077 1070 3138 meorum,

168 3164 337 3246 Penelopae
353 3185 490 3228 munus:
515 3185 587 3247 quae
603 3185 655 3228 me
671 3166 746 3228 data
760 3186 859 3249 pensa
874 3165 1066 3242 trahentem,

165 3269 322 3334 Metribus
337 3270 510 3334 ostendens
526 3271 656 3349 Ithacis,
676 3279 694 3310 “
705 3272 788 3335 Haec
805 3270 955 3334 Hectoris
971 3267 1027 3331 illa
1040 3278 1089 3331 eat

165 3375 260 3440 Clara
274 3395 396 3459 parens,
413 3377 483 3439 haec
498 3379 579 3456 est,”
594 3377 689 3454 dicet,
709 3376 897 3440 “Priameia
910 3372 1063 3453 conjux.'’
1139 3371 1205 3436 610

165 3480 307 3562 Postque
323 3492 371 3544 tot
386 3482 521 3544 amissos
536 3493 572 3546 tu
588 3501 685 3562 nunc,
702 3501 774 3562 quoe
790 3480 858 3544 sola
872 3479 1002 3542 levabas

163 3587 328 3652 Maternus
343 3586 461 3667 luctus,
478 3586 609 3650 hostilia
623 3587 719 3650 busta
733 3585 837 3669 piisti.

165 3691 301 3757 lusoriae
316 3691 403 3756 hosti
418 3692 535 3776 peperi.
582 3690 778 3760 Qudferrca
792 3699 888 3770 resto,

480 3797 520 3860 13
