2636 4178
110 231 153 296 98
399 247 516 300 ovurs
540 245 862 296 narsuoaenoses.

109 406 276 487 Reddidit,
293 416 326 470 et
341 404 449 470 medio
466 401 586 466 velavit
602 403 635 464 in
651 368 723 464 adra
739 401 864 484 pennis.

62 539 67 546 ·
110 511 176 575 Sed
193 512 284 594 vigor
299 509 424 594 ingenii
438 507 602 590 quondam
617 507 739 570 velocis
755 507 788 569 in
804 507 880 587 alas,
896 544 916 572 ·.

109 618 210 697 Inque
227 615 324 700 pedes
339 615 437 694 abiit;
461 631 591 690 nomen,
607 611 693 693 quod
709 622 742 674 et
757 614 841 691 ante,
857 613 1019 676 remansit.

108 720 182 785 Non
197 733 306 785 tamen
321 722 393 784 haec
408 719 472 782 alte
487 717 628 781 volucris
644 737 704 780 sua
717 737 848 800 corpora
863 717 958 796 tollit,

108 827 176 891 Nec
192 825 270 890 facit
285 826 320 888 in
335 824 431 888 ramis
446 823 574 903 altoque
590 822 759 885 cacumine
775 821 889 902 nidos;
1105 828 1148 890 75

109 931 240 1014 Propter
255 932 394 994 humum
408 929 532 1007 volitat,
549 927 702 1010 ponitque
719 928 753 990 in
769 927 899 1010 sepibus
914 947 987 1008 ova,

108 1037 306 1118 Antiquiquc
321 1054 444 1100 mernor
459 1033 575 1098 metuit
591 1032 743 1096 sublimia
756 1032 855 1096 casfrs.

426 1309 596 1352 Pflrnnuolt
618 1308 683 1350 AND
706 1307 831 1350 BAUCIS·

458 1462 462 1468 ·
563 1463 592 1505 v.
618 1443 692 1506 618.

112 1569 167 1632 Sic
183 1569 249 1631 ait:
275 1569 456 1632 ‘Immensa
470 1576 529 1644 est,
546 1565 708 1648 finemque
726 1563 868 1649 potentia
883 1564 957 1628 coeh

110 1674 184 1737 Non
201 1674 307 1750 habet,
324 1686 356 1737 et
372 1670 527 1754 quidquid
542 1671 650 1753 superi
664 1671 803 1748 voluere,
821 1683 984 1754 peractum
999 1681 1057 1732 est.

111 1779 251 1858 Qubque
266 1777 374 1842 minds
389 1777 527 1855 dubites,
545 1776 622 1839 tiliae
638 1775 836 1838 contermina
851 1795 985 1855 quercus
1103 1775 1147 1836 80

111 1884 257 1946 Collibus
272 1893 320 1946 est
337 1882 496 1964 Phrygiis,
513 1879 642 1943 modico
657 1879 853 1943 circumdata
868 1899 968 1944 muro.

112 1987 210 2051 Haud
227 1987 335 2070 procul
352 1987 428 2048 hinc
445 1998 606 2067 stagnum,
624 1984 719 2046 tellus
735 1984 920 2048 habitabilis
936 1985 1023 2062 olim,

112 2093 207 2156 Nunc
223 2092 364 2154 celebres
380 2090 498 2172 mergis
513 2088 684 2170 fulicisque
700 2089 893 2171 palustribus
909 2089 1014 2153 undas,

111 2199 236 2278 Jupiter
251 2196 316 2259 huc
333 2195 438 2278 specie
455 2194 591 2273 mortali,
608 2213 746 2274 cumque
763 2206 891 2277 parente

114 2301 210 2364 Venit
226 2299 427 2364 Atlantiades
443 2299 555 2381 positis
569 2297 733 2363 caducifer
747 2300 816 2362 alis.
1106 2300 1150 2362 85

114 2406 203 2469 Mille
219 2406 332 2468 domos
347 2405 464 2484 adiere,
481 2403 589 2468 locum
604 2404 810 2484 requiemque
826 2414 990 2487 petentes5

113 2511 203 2574 Mille
220 2506 334 2575 domos
348 2510 490 2575 clausere
506 2529 593 2573 serae.
642 2511 771 2573 Tamen
788 2529 853 2572 una
867 2510 994 2590 recepit,

114 2617 215 2680 Parva
229 2616 369 2697 quidem,
386 2615 512 2699 stipulis
527 2627 559 2677 et
574 2615 678 2678 canni
693 2625 779 2677 tecta
794 2614 942 2696 palustri;

116 2721 181 2784 sed
198 2723 250 2803 pia
265 2722 382 2784 Baucis
396 2740 477 2784 anns
494 2721 647 2802 parilique
663 2731 759 2782 aetate
777 2718 947 2781 Philemon

114 2825 265 2888 Illbsunt
281 2826 374 2888 annis
386 2823 493 2903 juncti
505 2823 715 2903 juvenilibus,
733 2823 790 2886 illa
884 2821 889 2830 '
1109 2823 1151 2885 90

115 2931 321 2994 Consenudre
337 2929 429 3008 casd3
454 2939 736 3010 paupertatemque
752 2926 882 2990 fatendo

116 3035 261 3098 Effecdre
277 3034 393 3110 levem,
410 3051 470 3094 nec
487 3032 598 3114 iniqui
613 3045 719 3094 mente
735 3030 908 3096 ferendam.

115 3139 182 3203 Nec
199 3136 304 3216 refert,
320 3137 469 3200 dominos
484 3137 549 3202 illic
576 3137 755 3200 famulosne
771 3140 930 3218 requiras;

116 3243 204 3306 Tota
218 3244 333 3306 domus
348 3242 414 3306 duo
430 3255 515 3322 sunt,
531 3241 618 3307 idem
635 3254 808 3326 parentque
820 3242 1008 3322 jubentque.

77 3401 83 3408 .
162 3348 248 3430 Ergo
264 3350 321 3410 ubi
335 3348 490 3412 coelicolae
507 3367 620 3430 parvos
636 3349 770 3430 tetigere
787 3359 928 3431 penates,
1110 3343 1154 3408 95

117 3453 349 3534 Submissoque
366 3454 505 3517 humiles
522 3455 677 3518 intrarunt
694 3456 813 3518 vertice
830 3465 945 3537 postes,

116 3560 262 3622 Membra
276 3579 375 3622 senex
391 3560 493 3640 posito
506 3557 601 3640 jussit
616 3559 755 3622 relevare
771 3559 872 3638 sedili,

117 3663 196 3730 Qud
211 3661 417 3745 superinjecit
432 3674 558 3728 textum
575 3664 652 3728 rude
669 3664 780 3728 sedula
795 3664 920 3728 Baucis.
