2646 4176
92 281 95 288 ’
136 297 189 364 Ἡ)
399 280 403 288 ’
434 323 551 375 ovm‘s
572 322 892 374 usrsuonrnosus.

144 477 269 539 Pronus
283 475 386 557 humi,
402 477 572 560 gelidoque
594 497 714 560 pavens
728 475 818 541 dedit
834 476 944 540 oscula
958 496 1047 558 saxo,

145 583 250 662 Atque
267 581 322 661 ita,
340 582 397 644 ‘Si
413 583 581 664 precibus,'
598 583 758 662 dixerunt,
778 583 931 660 ‘numina
941 580 1038 663 justis

128 686 239 776 ,Victa
253 686 488 765 remollescnnt‚
505 679 537 748 si
547 686 687 748 flectitur
702 687 747 749 ira
762 686 905 765 deorum,

145 788 218 868 Dic,
236 789 368 870 Themi,
386 790 450 871 qub
465 791 591 874 generis
606 789 762 870 damnum
777 789 950 872 reparabile
966 790 1066 856 nostri

73 900 77 907 '
144 894 222 956 Arte
236 892 287 973 sit,
304 905 337 981 et
351 895 463 956 mersis
478 893 525 956 ser
540 911 644 976 opem,
660 893 839 973 mitissima,
856 895 972 958 rebus)
1114 893 1181 960 380

144 997 235 1060 Mota
250 988 310 1059 dea
324 1007 382 1077 est,
400 1008 580 1078 sortemque
597 997 705 1062 dedit:
731 998 913 1062 ‘Discedite
929 998 1061 1084 templo,

146 1097 310 1164 Et'vclate
327 1110 433 1184 caput,
450 1102 634 1182 cinctasque
651 1101 800 1166 resolvite
816 1112 933 1182 vestes,

146 1205 288 1286 Ossaque
304 1207 518 1287 posttergans
533 1223 662 1286 maguae
673 1204 793 1284 jactate
809 1207 969 1290 parentis!
1014 1213 1018 1222 ’

190 1309 390 1392 Obstupuere
405 1310 472 1389 diu,
488 1307 669 1392 rumpitque
684 1310 813 1374 silentia
827 1329 906 1374 voce

145 1413 269 1494 Pyrrha
283 1430 544 1500 prror‚Juss1sque
554 1412 623 1477 deae
634 1433 742 1497 parere
755 1427 892 1495 recusat
1115 1417 1181 1482 385

145 1519 272 1601 Detque
288 1520 349 1583 sibi
364 1521 503 1632 veniam,
519 1519 636 1604 pavido
652 1531 741 1603 rogat
748 1539 821 1602 ore,
835 1531 997 1626 pavetque

145 1622 304 1688 Laedere
291 1626 420 1704 jactatis
436 1635 596 1690 maternas
612 1627 737 1688 ossibus
753 1610 892 1690 umbras.

145 1730 272 1792 Interes
287 1739 435 1810 repetunt
450 1731 547 1792 caecis
562 1731 697 1792 obscura
711 1711 842 1790 latebris

146 1832 251 1895 Verba
265 1831 351 1894 datae
366 1834 460 1898 sortis
475 1850 595 1909 secum,
612 1833 694 1893 inter
709 1849 806 1909 seque
822 1830 979 1892 volutant.
1086 1864 1088 1868 ·

146 1935 227 2000 Inde
243 1933 466 1997 Promethides
481 1933 616 2015 placidis
634 1931 840 2014 Epimethida
856 1931 952 1994 dictis
1026 1958 1028 1966 ’
1113 1929 1181 1996 390

146 2039 278 2117 Mulccq
295 2048 338 2116 et,
357 2039 442 2100 ‘Aut
454 2035 577 2113 fsllsx,'
593 2035 648 2113 ait,
667 2043 733 2098 ‘est
749 2035 892 2100 sollertia
906 2035 1010 2116 nobis,

146 2143 213 2204 Aut
228 2141 283 2224 pia
295 2149 380 2216 sunt,
397 2138 587 2218 nullumque
603 2135 694 2200 nefas
709 2137 839 2200 oracula
853 2137 1000 2202 suadent.

145 2243 266 2324 Magna
280 2237 393 2324 parens
408 2252 489 2304 terra
503 2251 570 2320 est3
594 2239 715 2322 lapides
731 2240 765 2303 in
780 2260 909 2323 corpore
925 2252 1017 2306 terrae

147 2347 228 2410 Ossa
241 2366 311 2410 reor
325 2345 411 2408 dici:
431 2343 536 2424 jacere
552 2346 613 2423 hoq
627 2358 698 2428 post
713 2356 804 2426 terga
815 2344 988 2425 jubemur)

146 2449 302 2533 Oonjugis
317 2451 450 2531 augurio
466 2443 649 2532 quanquam
666 2436 799 2512 Titania
813 2461 901 2514 mota
914 2459 972 2530 est,
1115 2448 1181 2512 395

148 2556 230 2639 Spes
246 2568 354 2620 tamen
370 2554 520 2619 indubio
536 2565 603 2618 est:
628 2553 709 2617 adad
724 2554 914 2618 coelestibus·
923 2554 1019 2618 ambo

146 2661 309 2734 Diffidunt
324 2661 464 2725 monitis.
513 2658 578 2722 Sed
595 2658 673 2738 quid
688 2668 809 2738 tentare
825 2659 980 2722 nocebit?

146 2765 337 2843 Discedunt,
354 2763 525 2842 velantque
540 2773 647 2843 caput,
664 2763 851 2840 tunicasque
867 2763 1047 2844 recingunt,

117 2884 120 2892 ·
147 2870 192 2932 Et
204 2868 311 2947 jussos
326 2867 447 2948 lapides
462 2885 521 2928 sua
535 2875 606 2946 post
621 2864 758 2945 vestigia
772 2865 915 2928 mittunt.

147 2973 236 3038 Saxa
251 2970 337 3053 (quis
354 2971 415 3032 hoc
431 2969 551 3045 credat,
567 2969 630 3030 nisi
646 2970 687 3030 sit
703 2987 758 3050 pro
774 2978 855 3032 teste
872 2969 1055 3059 vetustas?)
1115 2968 1182 3033 400

147 3078 270 3141 Ponere
285 3069 436 3138 duritiem
453 3073 577 3156 coepere
593 3091 752 3154 suumque
768 3074 914 3156 rigorem,

146 3181 330 3261 Molliriquc
346 3178 443 3258 morri,
460 3178 646 3258 mollitaque
662 3177 778 3242 ducere
791 3177 935 3242 formam.

146 3288 237 3365 Mox,
254 3286 312 3349 ubi
325 3294 504 3362 creverunt,
521 3293 695 3364 naturaque
713 3283 819 3346 mitior
833 3283 897 3347 illis

147 3389 301 3470 Contigit,
318 3399 354 3451 ut
370 3387 557 3469 quaedam
532 3407 578 3449 src
593 3406 658 3450 non
675 3387 844 3452 manifesta
859 3387 961 3452 videri
1127 3419 1196 3464 „a

147 3496 266 3558 Forma
282 3503 385 3577 potest
401 3491 551 3571 hominis,
568 3491 634 3570 sed,
651 3489 700 3554 uti
717 3483 756 3555 de
772 3513 929 3556 marmore
944 3503 1059 3576 coapta,
1117 3492 1183 3557 405

147 3602 221 3665 Non
237 3609 353 3662 exacta
366 3597 452 3674 satis,
469 3596 664 3676 rudibusque
681 3596 885 3660 simillima
860 3598 971 3679 signis.

147 3706 236 3772 Quae
252 3715 359 3768 umen
376 3723 419 3786 es
435 3701 499 3764 illis
513 3700 621 3782 aliquo
637 3721 708 3784 pars
723 3701 858 3764 humida
872 3723 981 3776 sicco,
