2646 4176
74 173 119 238 28
364 191 484 250 ovm’s
505 197 827 254 manumuosns.

76 351 209 433 Argenti
225 343 343 416 bifores
358 352 522 417 radiabant
538 353 661 419 lumine
676 356 802 438 valvaeq

76 455 243 520 Materiam
260 459 428 538 superabat
444 479 546 541 opus3
569 479 645 524 nam
662 459 819 524 Mulciber
834 461 901 526 illic
1094 465 1116 528 5

76 560 219 642 AEquora
234 562 361 626 oaelirat
377 563 499 627 medias
515 564 680 647 cingentia
698 576 805 648 terras,

25 683 30 692 ·
78 667 315 746 Terrarumque
332 669 452 749 orbem,
468 670 662 750 oculumque,
678 670 766 752 quod
782 673 931 737 imminet
948 674 1025 739 orbi.

78 772 242 835 Oaeruleos
258 773 355 836 habet
373 774 460 838 unda
474 774 552 838 deos
564 796 573 854 ς
598 775 738 839 Tritona
752 797 915 858 canorum,

76 877 253 959 Proteaque
270 879 471 960 ambiguum,
487 879 745 962 balaenarunrque
762 893 960 965 prementem

76 982 235 1064 AEgaeona
250 984 317 1046 suis
333 983 487 1048 immania
502 995 592 1068 terga
607 985 743 1067 lacertis,
1076 993 1116 1055 10

76 1086 259 1168 Doridaque
276 1101 308 1150 et
324 1099 433 1169 natas3
457 1108 593 1169 quarum
610 1111 679 1173 pars
695 1110 769 1154 nare
785 1093 923 1175 videtur,

77 1193 153 1255 Pars
169 1193 201 1256 in
219 1193 304 1258 mole
319 1195 435 1258 sedens
450 1194 569 1258 virides
583 1197 702 1260 siccare
718 1198 860 1279 capillos,

76 1297 169 1362 Pisce
185 1299 262 1362 vehi
276 1300 436 1380 quaedaru.
483 1301 599 1364 Facies
614 1322 681 1364 non
697 1303 849 1366 omnibus
864 1323 938 1385 una,

76 1403 144 1468 Nee
160 1405 287 1468 diversa
302 1416 434 1470 tamen:
456 1405 588 1486 qualem
604 1407 697 1471 decet
713 1429 782 1471 esse
799 1429 976 1486 summm]
1087 1420 1089 1424 ’

77 1509 180 1572 Terra
195 1511 279 1574 viros
296 1511 452 1593 urbesque
468 1513 551 1594 gerit
566 1512 725 1601 silvasque
741 1513 886 1595 ferasque
1077 1518 1117 1580 15

76 1615 294 1697 Fluminaque
310 1629 342 1679 et
359 1619 521 1700 nymphas
537 1626 569 1680 et
584 1630 691 1682 cetera
705 1621 840 1682 numina
855 1622 944 1684 ruris.

76 1720 159 1782 Haec
175 1741 269 1802 super
285 1721 435 1802 imposita
450 1733 499 1786 est
515 1723 589 1785 coeli
605 1722 761 1804 fulgentis
777 1725 893 1803 imago,

77 1825 241 1905 Signaque
258 1843 316 1887 sex
332 1825 455 1888 foribus
470 1825 593 1890 dextris
608 1825 806 1904 totidemque
822 1825 966 1888 sinistris.

121 1929 201 1996 Qud
216 1929 312 1992 simul
328 1928 453 1992 acclivo
469 1928 660 2008 Clymeneia
674 1927 776 1990 limite
793 1927 896 2009 proles

76 2034 183 2112 Venit,
199 2045 231 2096 et
249 2033 378 2096 intravit
393 2030 533 2095 dubit'ati
549 2042 634 2094 tecta
648 2032 796 2114 parentis
1071 2035 1116 2100 20

76 2138 226 2201 Protinus
242 2139 282 2201 ad
300 2137 417 2220 patrios
432 2157 492 2202 sua
506 2135 567 2200 fert
584 2137 720 2219 vestigia
734 2136 856 2216 vultus,

76 2244 295 2324 Consistitque
311 2243 443 2325 procul:
467 2237 674 2324 nequeenim
691 2242 836 2326 propiora
850 2242 972 2306 serebat

76 2345 226 2411 Lumina.
273 2345 437 2428 Purpurea
452 2346 578 2409 velatus
595 2357 683 2408 veste
699 2346 831 2410 sedebat

74 2451 117 2540 ¹ln
133 2451 214 2514 solio
231 2451 374 2514 Phoebus
388 2451 481 2516 claris
496 2449 627 2514 lucente
642 2447 832 2534 zmaragdis.
854 2510 858 2515 .

76 2560 106 2621 A
122 2557 236 2620 dextri
250 2555 396 2638 laerbque
414 2556 492 2619 Dies
507 2568 540 2620 et
556 2556 680 2620 Mensis
694 2567 726 2619 et
743 2559 859 2620 Annus
1074 2554 1118 2619 25

78 2662 268 2743 Saeculaque
285 2674 317 2725 et
334 2663 446 2746 positae
463 2661 574 2744 spatiis
590 2662 767 2742 aequalibus
783 2663 904 2725 Horae:
951 2641 957 2652 ¹

77 2767 203 2848 Verque
220 2787 341 2830 novum
357 2769 462 2830 stabat
477 2769 622 2828 cinctum
638 2765 771 2828 florente
788 2765 926 2826 corona:

79 2873 193 2936 Stabat
209 2872 296 2934 nuda
310 2869 429 2948 AEstas,
446 2881 479 2933 et
495 2869 604 2952 spicea
618 2879 701 2930 serta
716 2871 846 2949 gerebat
859 2889 866 2948 ;
965 2905 975 2928 a

79 2979 192 3042 Stabat
209 2989 241 3040 et
258 2977 445 3038 Autumnus
460 2974 591 3037 calcatis
607 2972 753 3036 sordidus
769 2974 851 3052 uvis,

80 3084 124 3148 Et
141 3081 284 3165 glacialis
301 3081 429 3158 Hiems,
446 3099 545 3142 canos
560 3079 683 3142 hirsuta
697 3077 839 3161 capillos.
1076 3081 1120 3143 30

123 3187 203 3250 lude
220 3187 291 3248 loco
308 3183 434 3248 medius
449 3204 554 3266 rerum
570 3183 714 3247 novitate
730 3196 902 3266 paventem

80 3293 136 3356 Sol
154 3291 256 3354 oculis
268 3289 435 3370 juvenem,
452 3291 570 3371 quibus
584 3288 719 3371 adspicit
735 3291 852 3370 omnia,
870 3291 962 3370 vidit,

80 3399 250 3486 ‘Quaque
266 3397 334 3460 viae,
345 3396 404 3460 tibi
419 3395 539 3458 causa?
585 3393 679 3464 Quid
694 3394 778 3475 hac,’
794 3397 849 3476 ait,
869 3402 956 3458 ‘arce
973 3393 1092 3477 petisti,
1133 3393 1140 3404 '

79 3504 264 3586 Progenies,
281 3501 461 3580 Phaethon,
479 3499 567 3565 harrd
583 3499 753 3565 infitianda
767 3501 890 3584 parenti
901 3501 932 3564 i’

80 3608 138 3672 llle
155 3607 249 3672 refert
263 3630 270 3672 :
296 3606 344 3669 ‘O
358 3608 417 3670 lux
432 3605 583 3672 immensi
597 3605 728 3691 publica
741 3605 866 3685 mundi,
1075 3605 1118 3668 35
