2636 4178
122 214 186 282 1⁷4
355 193 365 207 ’
473 235 591 312 ovrp’s
612 235 844 308 assumus„

120 391 208 455 Hinc
223 411 321 470 amor,
338 391 414 454 hinc
431 391 527 455 timor
541 399 609 453 est:
634 391 739 472 ipsum
755 390 851 454 timor
865 403 964 475 auget
979 413 1133 460 amamur.

164 497 260 558 Mane
275 508 352 574 erat,
367 508 399 559 et
416 496 557 560 thalamo
573 515 646 558 cara
661 506 787 577 recepta
801 515 898 576 soror,

123 598 359 684 Disjectarnque
375 621 485 664 comas
499 600 694 681 adversaque
710 600 743 664 in
760 621 815 663 ora
825 598 989 680 jacentem

165 706 304 785 Invenit,
320 717 352 769 et
368 707 520 787 lacrymis
534 705 644 784 omnia
659 705 755 787 plena
769 705 872 786 meis,

121 811 197 874 Orat
213 831 308 894 opem
324 811 456 892 Minyis.
503 809 589 872 Petit
603 809 712 888 altera,
729 821 761 873 et
777 811 877 874 altera
891 811 1052 876 habebat:
1114 813 1160 876 66

165 915 300 979 AEsonio
312 914 436 996 juveni,
454 914 540 996 quod
556 925 646 997 rogat
662 913 727 993 illa,
743 914 868 978 damus.

123 1021 182 1084 Est
198 1041 313 1084 nemus
327 1031 359 1084 et
375 1022 473 1103 piceis
488 1030 520 1082 et
536 1018 705 1084 frondibus
720 1020 802 1084 ilicis
817 1031 932 1101 atrum,

167 1127 229 1189 Vix
245 1125 321 1188 illuc
337 1125 432 1188 radiis
448 1124 524 1188 solis
538 1124 624 1188 adire
640 1123 726 1188 licat.

124 1230 208 1293 Sunt
225 1232 258 1292 in
274 1249 322 1310 eo,
339 1228 466 1292 fuerant
481 1241 575 1308 certe,
592 1229 725 1294 delubra
739 1229 873 1310 Dianae3

166 1337 272 1398 Aurea
287 1335 449 1398 barbarica
464 1344 527 1398 stat
542 1334 603 1397 dea
617 1333 704 1397 sacta
718 1353 825 1398 manu.
921 1410 924 1417 Ι
1117 1337 1160 1402 70

122 1441 239 1504 Nescio
255 1459 296 1501 an
312 1440 489 1504 exciderint
505 1459 635 1503 mecum
650 1439 730 1502 loca.
777 1438 934 1504 Venimus
949 1440 1048 1522 illuc;

168 1547 267 1609 Orsus
282 1565 317 1608 es
333 1545 433 1609 infido
448 1546 494 1609 sic
510 1546 594 1628 prior
608 1564 661 1608 ore
677 1544 785 1625 loqui:

125 1651 201 1714 ‘Jus
216 1651 274 1714 tibi
290 1662 323 1713 at
339 1651 504 1715 arbitrium
520 1660 637 1714 nostrae
653 1649 798 1712 Fortuna
812 1648 925 1712 salutis
951 1721 954 1728 ¹

170 1755 329 1832 Tradidit,
346 1755 443 1835 inque
460 1755 516 1818 tua
530 1755 660 1834 vitaque
675 1773 823 1835 morsque
840 1773 947 1818 manu.

124 1858 258 1922 Perdere
277 1880 367 1941 posse
383 1869 505 1938 satest,
522 1859 549 1922 si
565 1878 661 1940 quem
673 1857 766 1937 jnvat
782 1859 851 1942 ipsa
865 1869 1023 1945 porosum
1112 1859 1157 1921 76

170 1965 233 2026 Sed
252 1965 311 2026 tibi
326 1977 471 2026 servatus
487 1964 590 2046 gloria
604 1963 704 2043 major
719 1983 782 2027 ero.

125 2068 185 2131 Per
201 2069 286 2131 mala
301 2079 408 2132 nostra
423 2088 541 2151 precor,
559 2088 696 2148 quorunr
711 2082 803 2151 potes
817 2089 884 2132 esse
899 2067 1067 2148 levamen,

169 2174 230 2235 Per
245 2192 347 2256 genus
362 2184 394 2237 et
410 2192 531 2236 numen
547 2185 665 2235 cuncta
680 2174 820 2236 videntis
835 2173 909 2254 avi;

125 2279 186 2342 Per
201 2279 340 2361 triplices
356 2278 466 2342 vultus
481 2297 656 2358 arcanaque
673 2298 762 2342 sacra
777 2278 902 2358 Dianae,

170 2385 214 2449 Et
230 2386 258 2448 si
272 2383 353 2448 forte
369 2373 495 2465 aliptes
511 2402 591 2465 gens
607 2384 704 2446 habet
720 2384 781 2446 ista
796 2382 895 2463 deos;
1116 2380 1157 2443 80

126 2491 157 2554 0
171 2492 272 2572 virgo,
289 2492 438 2554 miserere
455 2490 528 2569 mei,
545 2489 692 2552 miserere
709 2509 875 2569 rneorurn;

171 2593 273 2658 Effice
289 2615 341 2658 nre
359 2594 479 2658 meritis
495 2606 622 2676 tempus
638 2593 671 2656 in
688 2613 783 2657 omne
800 2604 893 2656 tuum
909 2594 917 2656 ἔ

125 2700 225 2768 Quod
241 2700 267 2763 si
284 2697 364 2763 forte
382 2701 487 2762 virum
502 2718 567 2761 non
582 2697 757 2778 dedignare
773 2695 968 2778 Pelasgum

170 2803 253 2886 (Sed
268 2805 350 2867 mihi
366 2816 431 2866 tam
446 2801 556 2866 faciles
573 2801 657 2865 unde
674 2820 826 2882 meosque
842 2800 920 2864 deos
930 2802 959 2888 i)

127 2908 265 2991 Spiritus
280 2913 353 2972 ante
369 2925 462 2972 meus
477 2893 595 2970 tenues
606 2917 757 2970 vanescat
773 2907 808 2968 in
823 2925 925 2988 auras,
1119 2904 1162 2968 85

170 3012 282 3080 Quam
297 3012 446 3090 thalamo,
463 3011 524 3074 nisi
539 3022 586 3091 tu,
604 3022 705 3094 nupta
718 3011 760 3074 sit
775 3011 841 3074 ulla
857 3030 939 3074 meo.

126 3119 264 3183 Conscia
279 3119 319 3181 sit
335 3118 354 3181 J
358 3136 431 3196 uuo,
448 3116 544 3180 sacris
559 3115 711 3199 praefecta
725 3116 858 3194 maritis,

172 3223 215 3286 Et
231 3225 300 3302 dea,
314 3222 491 3287 marmorea
504 3220 598 3302 cujus
613 3221 648 3284 in
664 3221 734 3284 aede
751 3240 873 3284 sumus

126 3329 208 3393 Haec
224 3331 369 3393 animum
385 3328 432 3411 (et
448 3342 546 3408 quota
562 3348 632 3409 pars
647 3329 719 3390 haec
733 3337 809 3390 sunt
821 3328 850 3412 l)
865 3341 994 3389 movere
1011 3323 1128 3407 puellas

171 3433 345 3516 Simplicis,
362 3445 395 3498 et
410 3433 533 3496 dextrae
549 3433 680 3496 dextera
691 3429 806 3511 juncta
820 3449 914 3496 meae.
1121 3429 1165 3492 90

126 3538 202 3603 vidi
217 3539 314 3602 etiam
331 3538 507 3620 lacrymas:
532 3558 573 3602 an
590 3557 660 3620 pars
674 3547 724 3600 est
739 3535 861 3600 fraudis
878 3537 913 3600 in
928 3534 993 3598 illis
1006 3535 1018 3596 ὶ

172 3642 227 3706 Sic
243 3643 310 3706 cito
324 3661 396 3706 sum
412 3643 519 3706 verbis
533 3656 628 3726 capta
642 3641 749 3730 puella
764 3642 836 3706 tuis.
