2636 4178
584 255 683 306 soon
702 254 768 308 xv.
887 297 892 312 .
1146 239 1210 308 loe

169 415 215 478 Et
231 411 429 477 Diomedeos
443 411 564 478 AEneae
578 410 705 494 fugerat
720 431 823 484 enses.
889 435 892 442 ⁴

169 519 312 582 Talibus
327 519 412 582 hanc
428 518 573 600 genitor:
599 517 697 580 ‘Sola
712 516 924 600 insuperabile
940 518 1056 602 fatum,
1141 521 1208 588 260

169 623 261 702 Nata,
277 641 408 686 movere
424 623 533 706 paras?
557 623 656 700 intres
670 623 746 687 licet
762 624 831 706 ipsa
844 643 988 690 sororum

174 728 279 790 'l'ecta
292 728 410 792 trium:
434 747 546 792 cernes
561 727 629 790 illic
645 727 813 792 molimine
829 740 921 792 vasto

175 833 228 895 Ex
242 852 302 895 aere
317 843 350 895 et
365 831 468 896 solido
483 851 589 896 rerum
605 831 762 896 tabularia
775 830 868 912 ferro,

172 937 259 1006 Quae
276 955 378 1018 neque
394 955 587 1002 concursum
602 937 676 1000 oceli
702 956 807 1017 neque
823 937 969 1002 fulminis
981 939 1064 1027 iram

169 1041 238 1106 Nec
253 1052 402 1106 metuunt
418 1041 499 1104 ullas
515 1052 584 1106 tuta
598 1054 694 1122 atque
709 1053 828 1106 aetema
843 1044 959 1108 ruinas.

168 1147 323 1209 invenies
338 1145 403 1208 illic
419 1146 521 1210 incisa
535 1145 705 1210 adamante
722 1148 852 1230 perenni

166 1253 253 1316 Fata
269 1251 316 1313 tui
332 1252 474 1332 generis:
499 1251 564 1332 legi
579 1252 657 1334 ipse,
673 1254 845 1334 animoque
861 1253 983 1334 notavi,

168 1357 213 1418 Et
229 1353 373 1434 reseram,
390 1375 430 1418 ne
447 1355 490 1418 sis
505 1356 682 1420 etiamnum
698 1357 808 1440 ignara
822 1357 930 1422 futuri.

171 1461 236 1522 Hic
252 1480 309 1522 sua
323 1459 507 1542 complevit,
523 1481 579 1543 pro
595 1481 669 1541 quo,
686 1462 857 1542 Cytherea,
873 1457 1005 1543 laboras,

174 1565 335 1646 Tempora
351 1553 508 1647 perlectis,
525 1584 606 1646 quos
621 1577 711 1630 terrae
727 1566 848 1645 debuit,
864 1568 967 1631 annis.

175 1670 218 1732 Ut
236 1668 312 1733 deus
326 1670 458 1734 accedat
474 1671 567 1750 coelo,
583 1671 774 1752 templisque
789 1671 923 1750 colatur,

173 1773 228 1836 Tu
243 1773 341 1838 facies
356 1786 513 1856 natusque
529 1796 616 1854 suus,
633 1776 686 1857 qui
704 1776 845 1842 nominis
860 1778 961 1856 heres,
999 1839 1001 1844 .

170 1880 360 1962 Impositum
377 1879 456 1944 seret
472 1901 558 1956 unus
572 1901 663 1960 onus,
680 1882 818 1963 caesique
835 1882 972 1964 parentis

168 1985 235 2048 Nos
251 1987 283 2049 in
300 1985 384 2048 bella
400 2006 476 2050 suos
491 1986 682 2060 fortissimus
699 1987 782 2050 ultor
794 1987 938 2064 habebit.

169 2091 261 2153 Illius
277 2092 428 2174 auspiciis
443 2093 581 2166 obsessae
597 2093 717 2164 moenia
731 2113 843 2175 pacem
869 2077 870 2082 ἵ

169 2197 262 2260 Victa
278 2208 386 2278 petent
403 2197 559 2277 Mutinae;
583 2197 746 2260 Pharsalia
758 2197 878 2262 sentiet
894 2198 996 2278 illum,

169 2301 378 2382 Emathiique
395 2303 510 2366 iterum
526 2302 699 2366 madefient
715 2303 803 2366 caede
820 2303 980 2386 Philippi3

169 2404 213 2469 Et
229 2427 384 2489 magnum
401 2406 520 2472 Siculis
535 2427 655 2478 nomen
670 2408 868 2488 superabitur
884 2408 999 2487 undis3

169 2511 372 2592 Romanique
388 2513 480 2576 ducis
495 2511 617 2590 conjux
631 2511 796 2594 AEgyptie,
813 2511 905 2574 taedae

168 2616 241 2679 Non
258 2618 338 2681 bene
355 2616 422 2704 fisa,
439 2617 542 2695 cadet,
559 2615 736 2696 frustraque
753 2615 812 2679 erit
830 2615 885 2678 illa
900 2617 1032 2695 minata,
1135 2615 1202 2680 280

171 2721 335 2786 Servitute
350 2743 408 2787 suo
425 2721 582 2806 Capitolia
597 2732 705 2784 nostra
720 2721 861 2802 Canopo.
944 2769 945 2774 1

170 2827 260 2896 Quid
276 2827 334 2891 tibi
351 2827 545 2907 Barbariem,
563 2837 737 2909 gentesque
753 2826 793 2888 ab
811 2810 942 2906 utroque
955 2823 1099 2905 jacentes

170 2931 298 2995 Oceano
314 2934 505 2997 numerem?
552 2932 791 3012 Quodcumque
807 2931 981 3006 habitabile
998 2930 1092 2996 tellus

170 3035 325 3115 Sustinet,
343 3037 439 3118 hujus
455 3039 513 3102 erit
527 3059 535 3118 3
560 3050 676 3120 pontus
692 3036 817 3118 quoque
834 3038 950 3102 serviet
966 3037 1022 3100 illi.

169 3142 251 3206 Pace
267 3143 342 3206 deta
357 3143 455 3221 terris,
472 3143 616 3206 animum
632 3141 673 3206 ad
687 3142 798 3207 civilia
813 3153 916 3206 vertet
1135 3140 1203 3206 285

168 3248 245 3311 Jura
259 3268 364 3324 suum,
382 3248 531 3329 legesque
548 3245 626 3310 feret
639 3246 836 3327 justissimus
851 3257 980 3327 auctam

169 3352 393 3434 Exemploque
409 3371 468 3415 sno
484 3371 587 3416 mores
603 3364 704 3436 reget,
720 3354 818 3432 inque
833 3351 934 3414 futuri

169 3457 340 3538 Temporis
355 3469 484 3520 aetatem
497 3469 769 3537 venturorumque
784 3465 939 3537 nepotum

168 3562 379 3644 Prospiciens,
397 3562 518 3644 prolem
534 3561 645 3626 sancta
659 3561 699 3624 de
716 3558 855 3642 conjuge
871 3570 980 3624 natam
