2646 4176
111 262 156 326 42
401 284 520 336 0v1n’s
542 284 865 337 uauauoaauosas

110 439 275 522 Occupat:
300 440 360 503 hos
376 461 495 518 morsu,
512 423 619 524 longis
635 440 840 524 amplexibus
854 439 937 520 illos,

110 546 183 610 Hos
198 558 292 609 necat
307 547 407 610 afflati
425 547 555 612 funesta
571 549 643 611 tabe
661 547 788 612 veneni.
797 539 823 626 ,ss

156 650 292 715 Fecerat
308 654 444 734 exiguas
456 651 525 732 jam
541 653 589 718 sol
605 653 781 716 altissimus
797 640 947 717 umbras:

111 757 199 826 Quae
215 777 306 820 mora
320 759 362 820 sit
378 759 624 823 sociismiratur
639 761 788 840 Agenore
805 769 910 838 natus,

113 863 320 944 vestigatque
336 865 432 928 viros.
456 931 459 936 ,
480 863 645 948 Tegimen
660 863 784 946 direpta
798 863 886 927 leoni

111 967 210 1031 Pellis
225 981 302 1050 erat,
318 969 419 1033 telum
436 968 618 1051 splendenti
635 969 748 1033 lancea
763 968 846 1033 ferro

111 1073 155 1136 Et
167 1071 323 1154 jaculum,
342 1076 471 1155 teloque
485 1077 616 1138 animus
633 1075 833 1158 praestantior
849 1076 947 1138 omni.

110 1179 155 1243 Ut
171 1199 286 1243 nemus
303 1181 443 1260 intravit,
460 1181 622 1262 letataque
639 1201 772 1264 corpora
786 1181 878 1260 vidit,

109 1285 336 1365 victoremque
352 1289 448 1368 supra
462 1286 591 1369 spatiosi
609 1288 750 1369 corporis
765 1287 895 1350 hostem
924 1304 926 1307 ·

110 1389 234 1454 Tristia
249 1393 428 1474 sanguinea
443 1392 642 1457 lambentem
658 1393 793 1456 vulnera
807 1393 930 1475 lingua,

111 1497 198 1560 ‘Aut
215 1498 299 1560 ultor
316 1509 442 1577 vestrae,
458 1497 616 1562 fidissima
631 1519 773 1582 corpora,
789 1499 903 1562 mortis
1110 1498 1154 1563 35

110 1604 177 1666 Aut
193 1605 324 1681 comes,’
341 1603 457 1684 inquit,
477 1607 572 1667 ‘era’
619 1603 722 1684 Dixit,
739 1605 915 1684 dextraque
932 1603 1088 1669 molarem

111 1706 261 1787 Sustulit,
279 1720 311 1772 et
328 1729 484 1791 magnum
500 1729 618 1793 magno
634 1712 805 1773 conamina
822 1711 919 1773 misit.

110 1812 203 1876 Illius
219 1813 361 1896 impulsu
377 1835 453 1876 cum
469 1815 610 1877 turribus
626 1813 725 1876 ardua
739 1814 835 1876 celsis

110 1916 234 1980 llloenia
248 1928 337 1980 mota
352 1917 475 1980 forent:
500 1938 629 2000 serpens
645 1919 714 1979 sine
731 1916 864 1980 vulnere
880 1916 1008 1997 mansit,

111 2022 298 2103 Loricaeque
315 2022 412 2084 modo
428 2023 571 2102 squamis
585 2021 739 2084 defensus
755 2032 786 2084 et
802 2031 879 2086 atrae
1110 2018 1155 2084 40

110 2127 238 2191 Duritia
252 2127 354 2210 pellis,
371 2127 496 2190 validos
511 2138 587 2190 cute
604 2127 720 2209 repulit
737 2129 829 2190 ictus.

111 2236 154 2298 At
170 2253 236 2296 non
252 2233 370 2296 duritia
382 2231 528 2311 jaculum
545 2253 673 2315 quoque
690 2233 910 2313 visitatum,
1020 2286 1023 2294 ,
1080 2247 1082 2254 ·

111 2339 213 2408 Quod
229 2338 336 2401 medio
353 2338 448 2402 lentae
464 2339 565 2421 spinae
582 2339 770 2402 curvamine
787 2339 892 2402 fixum
1010 2325 1013 2332 ¹

110 2445 275 2522 Constitit,
291 2454 324 2506 et
341 2454 445 2508 totum
462 2443 630 2509 descendit
646 2445 679 2506 in
695 2445 751 2508 ilia
766 2444 895 2508 serrum.

113 2550 172 2614 llle
189 2549 299 2614 dolore
315 2548 406 2614 ferox
421 2563 518 2634 caput
534 2552 568 2614 in
586 2570 645 2615 sua
660 2562 749 2634 terga
765 2553 915 2630 retorsit,
1112 2547 1155 2610 tt

111 2655 316 2738 Vulneraque
335 2656 493 2740 adspexit,
511 2657 678 2738 fixumque
695 2657 811 2720 hastile
828 2654 1024 2736 momordit3

111 2761 224 2843 quue,
240 2763 297 2826 ubi
312 2761 344 2824 vi
361 2761 465 2824 multa
481 2773 604 2842 partem
621 2759 771 2824 labefecit
789 2762 821 2822 in
838 2781 980 2840 omnem,

112 2867 176 2929 vix
193 2879 283 2948 tergo
299 2867 436 2948 eripuit3
461 2864 579 2928 serrum
596 2875 704 2928 tamen
722 2867 848 2928 ossibus
864 2865 967 2928 haesit.

113 2971 204 3034 Tum
222 2971 308 3049 verd,
325 2983 495 3053 postquam
511 2970 623 3032 solitas
638 2970 773 3032 accessit
790 2969 831 3032 ad
846 2970 908 3033 iras

112 3078 219 3141 Causa
232 3095 355 3154 tacens,
374 3075 477 3157 plenis
493 3085 682 3138 tumuerunt
697 3086 830 3158 guttura
845 3077 947 3152 venis,
1026 3087 1030 3090 ’
1111 3075 1155 3139 50

114 3181 300 3265 spumaque
316 3179 482 3264 pestiferos
497 3179 692 3246 circumfluit
709 3181 817 3246 albida
829 3182 939 3262 rictus,

114 3283 279 3367 Terraque
294 3304 365 3348 rasa
379 3296 472 3349 sonat
487 3286 641 3368 squamis,
658 3286 777 3368 quique
793 3287 915 3354 halitus
930 3290 999 3354 exit

113 3391 176 3456 Ore
191 3393 284 3474 niger
300 3391 429 3474 Stygio,
446 3391 575 3456 vitiatas
591 3391 695 3456 inficit
712 3394 852 3457 herbas(

114 3499 186 3580 lpse
203 3496 301 3560 mcdd
316 3497 512 3561 iinmensum
528 3499 620 3582 spiris
635 3497 829 3562 facientibus
844 3499 954 3562 orbem
1107 3563 1110 3566 .

113 3601 282 3686 Cingitu13
308 3602 470 3667 interdum
486 3601 687 3688 langenaho
702 3604 818 3676 rectior
831 3613 961 3684 exstat3
1010 3643 1013 3650 ·
1111 3601 1157 3666 56
