2636 4178
456 299 459 324 1
567 285 666 340 BOOK
687 285 736 336 Ἡ.

128 443 207 506 Pars
222 443 367 506 verubus
382 441 495 506 stridet
509 463 517 522 ;
540 452 674 505 manent
690 441 865 524 penetralia
879 440 963 503 tabo.

131 549 197 611 His
210 548 345 610 adhibet
361 547 483 626 conjux
499 549 647 629 ignarum
665 547 770 610 Terea
786 547 915 624 mensis,

137 652 183 714 Et
198 653 285 733 patrii
301 653 401 714 moris
416 672 541 716 sacrum
556 652 702 731 mentite,
715 649 806 730 quod
822 650 879 714 uni

141 755 206 818 Fas
221 757 260 818 sit
273 757 359 819 adire
376 758 456 836 viro,
473 771 609 820 comites
624 754 827 836 famulosque
842 755 989 818 removit.
1010 774 1016 784 ·
1110 753 1173 818 195

139 861 211 942 Ipse
227 862 340 924 sedens
355 861 436 926 solio
454 861 581 928 Tereus
597 861 745 926 sublimis
759 864 848 924 avito

139 965 292 1028 Vescitur.
385 1011 392 1026 .
484 1012 491 1026 .
540 1045 545 1056 Ι
584 1011 591 1027 .
684 1011 691 1026 .
783 1011 790 1026 .

34 1099 36 1104 ·
136 1071 307 1150 Tantaque
323 1087 390 1131 nox
405 1069 506 1133 animi
521 1080 579 1148 est,
599 1071 695 1152 ‘Ityn
712 1071 776 1132 huc
793 1069 964 1148 arcessite‚’
980 1067 1073 1130 dixit.

63 1226 70 1246 .
131 1175 347 1238 Dissimulare
362 1173 475 1254 nequit
490 1173 631 1236 crudelia
646 1175 763 1256 gaudia
778 1175 902 1257 Progne
916 1194 924 1253 ;

131 1283 269 1360 Jamque
285 1299 353 1341 suae
368 1279 503 1360 cupiens
518 1280 670 1343 exsistere
686 1281 800 1342 nuntia
815 1279 925 1358 cladis,
1104 1275 1172 1339 2⁰0

136 1387 249 1448 ‘Intus
264 1385 372 1461 habes,
388 1384 475 1464 quod
491 1385 616 1466 poscis‚'
632 1385 686 1446 ait.
733 1384 959 1466 Circumspicit
974 1383 1038 1462 ille,

141 1491 249 1568 Atque
263 1489 319 1550 ubi
333 1490 373 1551 sit
389 1489 511 1570 quaerit.
558 1489 731 1558 Querens
746 1491 926 1570 iterumque
943 1487 1084 1566 vocanti,

145 1593 240 1656 Sicut
255 1605 319 1656 erat
331 1594 443 1676 sparsis
458 1593 565 1657 furiali
580 1595 669 1656 caede
685 1593 818 1676 capillis,

142 1697 295 1778 Prosiliit‚
312 1699 461 1780 Ityosque
477 1709 574 1782 caput
591 1699 771 1762 Philomela
786 1707 955 1762 cruentum

138 1803 229 1866 Misit
245 1801 278 1865 in
293 1823 346 1866 ora
360 1806 452 1886 patri,
470 1824 530 1868 nec
548 1815 690 1886 tempore
707 1803 820 1866 maluit
838 1803 904 1866 ullo
1108 1801 1174 1864 205

133 1908 234 1970 Posse
252 1908 350 1988 loqui,
366 1921 399 1972 et
414 1910 543 1974 meritis
553 1909 661 1980 testari
677 1907 795 1991 gaudis
809 1909 925 1973 dictis.-

178 2013 343 2088 Thracius
359 2014 482 2096 ingenti
498 2034 626 2080 mensas
636 2015 779 2078 clamore
794 2014 930 2096 repellit,

141 2119 350 2201 vipereasque
364 2122 428 2182 ciet
445 2120 563 2202 Stygiis
578 2121 618 2184 de
634 2119 717 2182 valle
733 2113 863 2184 sorores.

137 2223 230 2287 Nunc
247 2225 390 2305 sequitur
405 2225 493 2288 nudo
509 2213 634 2307 genits'rs
650 2225 815 2288 Pandione
831 2225 921 2288 ferro.

135 2330 277 2410 Corpora
293 2330 506 2412 Cecropidum
523 2331 636 2414 pennis
653 2330 789 2413 pendere
807 2342 954 2413 puteres3
1108 2327 1175 2390 210

134 2434 328 2497 Pendebant
345 2435 467 2516 pennis.
515 2437 664 2506 Quarum
680 2435 758 2518 petit
775 2435 873 2498 altera
887 2434 993 2511 silvas,

139 2539 250 2601 Altera
264 2551 349 2602 tecta
364 2540 450 2604 subit
463 2561 470 2621 ;
495 2561 598 2622 neque
614 2540 720 2603 adhuc
735 2541 775 2602 de
793 2550 921 2622 pectore
936 2537 1035 2600 caedis

138 2643 317 2708 Excessere
333 2657 428 2722 notae,
445 2647 634 2728 signataque
651 2645 806 2726 sanguine
824 2642 932 2725 pluma
948 2652 1005 2704 est.

136 2748 210 2828 Ille,
227 2749 335 2812 dolore
352 2769 410 2813 suo
427 2771 592 2832 poenaeque
608 2749 760 2832 cupidine
777 2748 883 2827 velox,

136 2855 280 2916 Vertitur
296 2854 329 2916 in
345 2856 519 2934 volucrem,
536 2857 589 2918 cui
605 2866 689 2918 stant
705 2855 739 2917 in
755 2854 874 2918 vertice
892 2853 1007 2930 criste,
1108 2849 1175 2914 215
1204 2851 1219 2886 ,s

138 2959 304 3021 Prominet
321 2959 532 3024 immodicum
548 2980 603 3043 pro
619 2960 717 3042 longis
731 2959 864 3042 cuspide
883 2969 1029 3040 rostrum.

139 3063 269 3126 Nomen
285 3064 395 3146 Epops
410 3064 556 3146 volucri;
580 3064 679 3128 socies
693 3076 816 3128 armata
831 3062 967 3127 videtur.

140 3167 206 3232 Hic
222 3168 315 3230 dolor
329 3180 404 3232 ante
418 3170 506 3234 diem
521 3169 692 3251 longaeque
706 3182 852 3234 extrema
866 3180 1004 3232 senscrae

139 3273 315 3356 Tempora,
334 3273 502 3337 Tartareas
518 3275 684 3338 Pandione
698 3277 786 3338 misit
801 3273 843 3337 ed
859 3273 997 3337 umbras.

451 3379 472 3442 8
