2636 4178
434 738 795 831 ¹uxuurcus

578 957 639 990 1101
650 957 699 990 m

360 1247 362 1254 W
439 1117 840 1224 nunninus

505 1429 769 1444 m

312 1675 447 1718 uris-reu
472 1674 512 1717 or
535 1659 694 1734 nuruum
714 1673 756 1715 ro
780 1673 963 1719 nuncnune.

121 1831 304 1896 Gurruuon
318 1829 502 1902 OEchaliarn
518 1829 621 1892 titulis
636 1827 787 1892 accedere
803 1831 939 1911 nostris3

167 1936 329 1999 Victorem
346 1935 440 1997 viotoe
456 1935 801 2015 succubuisse-queror.

122 2037 226 2103 Fumo
241 2038 444 2120 Pelasgiadas
460 2037 568 2101 subito
584 2040 728 2120 pervenit
744 2039 778 2103 in
793 2040 895 2119 urbes,

165 2144 302 2208 Decolor
317 2156 350 2205 et
365 2141 459 2206 sectis
476 2140 649 2205 inficienda
664 2144 738 2224 tuis,

121 2247 233 2316 Quem
249 2267 413 2327 nunquam
428 2245 514 2309 Juno
530 2245 689 2328 seriesque
705 2248 864 2311 immense
878 2246 1024 2312 laborum

165 2351 321 2434 Fregerit,
337 2353 414 2415 huie
430 2351 522 2414 Iolen
537 2352 725 2434 imposuisse
739 2349 866 2434 jugum.
1049 2360 1052 2366 '

120 2455 198 2521 Plus
214 2457 272 2520 tibi
288 2457 384 2538 quim
399 2457 418 2520 J
422 2475 486 2518 uno
502 2457 612 2519 nocuit
629 2457 756 2520 Venus:
780 2455 836 2519 ille
851 2455 1025 2539 premendo

166 2561 304 2625 Sustulit
317 2583 325 2642 ;
349 2562 420 2625 haeo
435 2559 551 2624 humili
567 2561 627 2624 sub
644 2560 723 2644 pede
738 2561 822 2624 colla
837 2571 935 2625 tenet.

121 2665 258 2748 Respice
275 2667 458 2730 vindicibus
474 2678 622 2748 pacatum
638 2666 759 2728 viribus
774 2666 894 2743 orbern,

165 2772 243 2840 Qun
258 2771 356 2833 latam
372 2771 493 2832 Nereus
508 2769 646 2832 coeruius
661 2772 761 2833 ambit
777 2772 926 2833 humum.
1118 2768 1159 2831 lo

122 2877 166 2940 se
184 2877 241 2939 tibi
260 2895 319 2957 pax
336 2886 437 2952 terrae,
455 2874 513 2936 tibi
529 2895 562 2936 se
580 2886 649 2936 tuta
663 2894 790 2956 aequora
804 2875 942 2956 debent3

165 2979 309 3062 Implesti
325 2979 447 3040 meritis
464 2977 549 3040 Solis
565 2991 732 3060 utramque
748 2979 892 3043 domurn.

120 3084 222 3156 Quod
238 3095 269 3147 te
286 3084 423 3146 laturum
439 3094 496 3162 est,
513 3083 631 3148 coelum
650 3087 734 3167 prius
750 3085 816 3167 ipse
833 3084 954 3164 tulisti3

167 3189 307 3252 Hercule
324 3187 487 3270 supposito
504 3187 608 3250 sidere
623 3188 711 3252 fulsit
728 3190 827 3252 Atlas.

120 3294 213 3364 Quid
229 3295 291 3357 nisi
307 3293 422 3355 notitia
437 3302 485 3355 est
501 3294 616 3356 misero
632 3295 766 3374 quaesita
780 3293 905 3376 pudori,
1117 3291 1159 3354 15
1213 3305 1219 3318 ⁸

167 3399 204 3462 Si
218 3397 364 3462 cumulas
379 3397 479 3479 stupri
495 3395 580 3460 facta
595 3399 696 3480 priore
710 3400 812 3465 nott?

122 3504 216 3567 Tene
232 3502 337 3566 ferunt
353 3503 500 3584 geminos
516 3503 662 3586 pressisse
679 3505 833 3568 tenaciter
847 3521 979 3586 angues,

165 3605 248 3670 Ciun
262 3619 352 3670 tener
367 3608 400 3670 in
415 3609 508 3670 cunis
519 3607 587 3687 jam
602 3608 683 3672 Jove
700 3608 818 3691 dignus
833 3609 927 3671 eras?

121 3711 254 3796 Ooepisti
268 3710 391 3791 melitis,
407 3713 504 3793 quim
519 3711 656 3777 desinis:
681 3714 796 3778 ultima
811 3713 922 3798 primis
