<?xml version="1.0" encoding="UTF-8"?>
<!DOCTYPE html PUBLIC "-//W3C//DTD XHTML 1.0 Transitional//EN"
    "http://www.w3.org/TR/xhtml1/DTD/xhtml1-transitional.dtd">
<html xmlns="http://www.w3.org/1999/xhtml" xml:lang="en" lang="en">
 <head>
  <title>
</title>
<meta http-equiv="Content-Type" content="text/html;charset=utf-8" />
  <meta name='ocr-system' content='tesseract 3.04.00' />
  <meta name='ocr-capabilities' content='ocr_page ocr_carea ocr_par ocr_line ocrx_word'/>
</head>
<body>
  <div class='ocr_page' id='page_1' title='image "./selectionsfromm00ovidgoog_0024.png"; bbox 0 0 2646 4176; ppageno 0'>
   <div class='ocr_carea' id='block_1_1' title="bbox 618 329 1215 400">
    <p class='ocr_par' dir='ltr' id='par_1_1' title="bbox 618 329 1215 400">
     <span class='ocr_line' id='line_1_1' title="bbox 618 329 1215 400; baseline -0.007 -2"><span class='ocrx_word' id='word_1_1' title='bbox 618 349 717 400; x_wconf 75' lang='lat' dir='ltr'><strong>soor</strong></span> <span class='ocrx_word' id='word_1_2' title='bbox 738 349 761 400; x_wconf 90' lang='lat'><strong>1.</strong></span> <span class='ocrx_word' id='word_1_3' title='bbox 1175 329 1215 394; x_wconf 82' lang='grc'><strong>15</strong></span> 
     </span>
    </p>
   </div>
   <div class='ocr_carea' id='block_1_2' title="bbox 159 501 1216 2058">
    <p class='ocr_par' dir='ltr' id='par_1_2' title="bbox 159 501 1216 2058">
     <span class='ocr_line' id='line_1_2' title="bbox 175 501 914 588; baseline -0.005 -17"><span class='ocrx_word' id='word_1_4' title='bbox 175 506 280 571; x_wconf 78' lang='lat' dir='ltr'><strong>Mollit</strong></span> <span class='ocrx_word' id='word_1_5' title='bbox 293 503 397 586; x_wconf 84' lang='lat' dir='ltr'><strong>aquis,</strong></span> <span class='ocrx_word' id='word_1_6' title='bbox 415 503 532 586; x_wconf 82' lang='lat' dir='ltr'><strong>partim</strong></span> <span class='ocrx_word' id='word_1_7' title='bbox 546 501 693 584; x_wconf 86' lang='lat' dir='ltr'><strong>subjecto</strong></span> <span class='ocrx_word' id='word_1_8' title='bbox 709 505 820 568; x_wconf 87' lang='lat' dir='ltr'><strong>torruit</strong></span> <span class='ocrx_word' id='word_1_9' title='bbox 836 503 914 588; x_wconf 86' lang='lat' dir='ltr'><strong>igni.</strong></span> 
     </span>
     <span class='ocr_line' id='line_1_3' title="bbox 159 597 1216 691; baseline -0.004 -14"><span class='ocrx_word' id='word_1_10' title='bbox 159 597 271 680; x_wconf 40' lang='lat' dir='ltr'><strong>‘Quos</strong></span> <span class='ocrx_word' id='word_1_11' title='bbox 285 609 382 674; x_wconf 90' lang='lat' dir='ltr'><strong>simul</strong></span> <span class='ocrx_word' id='word_1_12' title='bbox 400 607 553 690; x_wconf 85' lang='lat' dir='ltr'><strong>imposuit</strong></span> <span class='ocrx_word' id='word_1_13' title='bbox 568 609 699 688; x_wconf 84' lang='lat' dir='ltr'><strong>mensis,</strong></span> <span class='ocrx_word' id='word_1_14' title='bbox 716 627 777 691; x_wconf 85' lang='lat' dir='ltr'><strong>ego</strong></span> <span class='ocrx_word' id='word_1_15' title='bbox 792 609 921 674; x_wconf 78' lang='lat' dir='ltr'><strong>vindice</strong></span> <span class='ocrx_word' id='word_1_16' title='bbox 936 607 1069 675; x_wconf 76' lang='lat' dir='ltr'><strong>flammi</strong></span> <span class='ocrx_word' id='word_1_17' title='bbox 1146 607 1216 674; x_wconf 76' lang='lat'><strong>230</strong></span> 
     </span>
     <span class='ocr_line' id='line_1_4' title="bbox 177 713 975 795; baseline -0.003 -16"><span class='ocrx_word' id='word_1_18' title='bbox 177 717 215 780; x_wconf 89' lang='lat' dir='ltr'><strong>ln</strong></span> <span class='ocrx_word' id='word_1_19' title='bbox 229 714 400 779; x_wconf 89' lang='lat' dir='ltr'><strong>dominum</strong></span> <span class='ocrx_word' id='word_1_20' title='bbox 415 713 594 795; x_wconf 81' lang='lat' dir='ltr'><strong>dignosque</strong></span> <span class='ocrx_word' id='word_1_21' title='bbox 611 715 712 777; x_wconf 85' lang='lat' dir='ltr'><strong>averti</strong></span> <span class='ocrx_word' id='word_1_22' title='bbox 728 724 815 777; x_wconf 87' lang='lat' dir='ltr'><strong>tecta</strong></span> <span class='ocrx_word' id='word_1_23' title='bbox 829 714 975 778; x_wconf 78' lang='lat' dir='ltr'><strong>Penates</strong></span> 
     </span>
     <span class='ocr_line' id='line_1_5' title="bbox 175 816 1038 901; baseline -0.002 -17"><span class='ocrx_word' id='word_1_24' title='bbox 175 820 324 884; x_wconf 84' lang='lat' dir='ltr'><strong>&#39;l&#39;erritus</strong></span> <span class='ocrx_word' id='word_1_25' title='bbox 340 819 408 901; x_wconf 87' lang='lat' dir='ltr'><strong>ipse</strong></span> <span class='ocrx_word' id='word_1_26' title='bbox 421 816 516 900; x_wconf 82' lang='lat' dir='ltr'><strong>fugit,</strong></span> <span class='ocrx_word' id='word_1_27' title='bbox 533 829 710 900; x_wconf 87' lang='lat' dir='ltr'><strong>nactusque</strong></span> <span class='ocrx_word' id='word_1_28' title='bbox 726 818 855 882; x_wconf 85' lang='lat' dir='ltr'><strong>silentia</strong></span> <span class='ocrx_word' id='word_1_29' title='bbox 870 819 950 883; x_wconf 84' lang='lat' dir='ltr'><strong>ruris</strong></span> <span class='ocrx_word' id='word_1_30' title='bbox 1034 831 1038 838; x_wconf 84' lang='lat'>&#39;</span> 
     </span>
     <span class='ocr_line' id='line_1_6' title="bbox 176 920 960 1007; baseline -0.001 -20"><span class='ocrx_word' id='word_1_31' title='bbox 176 924 345 1004; x_wconf 86' lang='lat' dir='ltr'><strong>Exululat,</strong></span> <span class='ocrx_word' id='word_1_32' title='bbox 361 920 538 1004; x_wconf 79' lang='lat' dir='ltr'><strong>frustr&#39;aque</strong></span> <span class='ocrx_word' id='word_1_33' title='bbox 554 923 643 1003; x_wconf 87' lang='lat' dir='ltr'><strong>loqui</strong></span> <span class='ocrx_word' id='word_1_34' title='bbox 658 933 808 989; x_wconf 88' lang='lat' dir='ltr'><strong>conatur:</strong></span> <span class='ocrx_word' id='word_1_35' title='bbox 833 925 874 988; x_wconf 87' lang='lat' dir='ltr'><strong>ab</strong></span> <span class='ocrx_word' id='word_1_36' title='bbox 890 925 960 1007; x_wconf 91' lang='lat' dir='ltr'><strong>ipso</strong></span> 
     </span>
     <span class='ocr_line' id='line_1_7' title="bbox 171 1026 975 1111; baseline -0.001 -18"><span class='ocrx_word' id='word_1_37' title='bbox 171 1028 309 1110; x_wconf 84' lang='lat' dir='ltr'><strong>Colligit</strong></span> <span class='ocrx_word' id='word_1_38' title='bbox 325 1048 361 1090; x_wconf 93' lang='lat' dir='ltr'><strong>os</strong></span> <span class='ocrx_word' id='word_1_39' title='bbox 376 1026 508 1105; x_wconf 79' lang='lat' dir='ltr'><strong>rabiem,</strong></span> <span class='ocrx_word' id='word_1_40' title='bbox 524 1027 691 1107; x_wconf 73' lang='lat' dir='ltr'><strong>solitaeque</strong></span> <span class='ocrx_word' id='word_1_41' title='bbox 707 1029 860 1111; x_wconf 85' lang='lat' dir='ltr'><strong>cupidine</strong></span> <span class='ocrx_word' id='word_1_42' title='bbox 876 1029 975 1093; x_wconf 84' lang='lat' dir='ltr'><strong>caeclis</strong></span> 
     </span>
     <span class='ocr_line' id='line_1_8' title="bbox 173 1129 1216 1216; baseline 0 -20"><span class='ocrx_word' id='word_1_43' title='bbox 173 1133 320 1197; x_wconf 81' lang='lat' dir='ltr'><strong>Vertitur</strong></span> <span class='ocrx_word' id='word_1_44' title='bbox 334 1132 368 1195; x_wconf 90' lang='lat' dir='ltr'><strong>in</strong></span> <span class='ocrx_word' id='word_1_45' title='bbox 380 1129 529 1214; x_wconf 86' lang='lat' dir='ltr'><strong>pecudes,</strong></span> <span class='ocrx_word' id='word_1_46' title='bbox 541 1141 575 1194; x_wconf 86' lang='lat' dir='ltr'><strong>et</strong></span> <span class='ocrx_word' id='word_1_47' title='bbox 587 1151 674 1194; x_wconf 86' lang='lat' dir='ltr'><strong>nunc</strong></span> <span class='ocrx_word' id='word_1_48' title='bbox 686 1132 814 1213; x_wconf 82' lang='lat' dir='ltr'><strong>qudque</strong></span> <span class='ocrx_word' id='word_1_49' title='bbox 827 1135 983 1215; x_wconf 84' lang='lat' dir='ltr'><strong>sanguine</strong></span> <span class='ocrx_word' id='word_1_50' title='bbox 995 1131 1124 1216; x_wconf 87' lang='lat' dir='ltr'><strong>gaudet.</strong></span> <span class='ocrx_word' id='word_1_51' title='bbox 1149 1132 1216 1198; x_wconf 78' lang='lat'><strong>235</strong></span> 
     </span>
     <span class='ocr_line' id='line_1_9' title="bbox 173 1236 896 1315; baseline -0.003 -13"><span class='ocrx_word' id='word_1_52' title='bbox 173 1239 215 1302; x_wconf 92' lang='lat' dir='ltr'><strong>In</strong></span> <span class='ocrx_word' id='word_1_53' title='bbox 230 1237 328 1302; x_wconf 90' lang='lat' dir='ltr'><strong>villos</strong></span> <span class='ocrx_word' id='word_1_54' title='bbox 343 1236 461 1300; x_wconf 84' lang='lat' dir='ltr'><strong>abeunt</strong></span> <span class='ocrx_word' id='word_1_55' title='bbox 477 1248 592 1315; x_wconf 86' lang='lat' dir='ltr'><strong>vestes,</strong></span> <span class='ocrx_word' id='word_1_56' title='bbox 609 1237 643 1299; x_wconf 90' lang='lat' dir='ltr'><strong>in</strong></span> <span class='ocrx_word' id='word_1_57' title='bbox 659 1257 751 1301; x_wconf 88' lang='lat' dir='ltr'><strong>crura</strong></span> <span class='ocrx_word' id='word_1_58' title='bbox 765 1237 896 1301; x_wconf 85' lang='lat' dir='ltr'><strong>lacerti:</strong></span> 
     </span>
     <span class='ocr_line' id='line_1_10' title="bbox 175 1341 947 1425; baseline -0.004 -17"><span class='ocrx_word' id='word_1_59' title='bbox 175 1343 233 1408; x_wconf 69' lang='lat' dir='ltr'><strong>uu</strong></span> <span class='ocrx_word' id='word_1_60' title='bbox 248 1341 356 1425; x_wconf 89' lang='lat' dir='ltr'><strong>lupus,</strong></span> <span class='ocrx_word' id='word_1_61' title='bbox 372 1350 405 1403; x_wconf 89' lang='lat' dir='ltr'><strong>et</strong></span> <span class='ocrx_word' id='word_1_62' title='bbox 419 1341 538 1404; x_wconf 83' lang='lat' dir='ltr'><strong>veteris</strong></span> <span class='ocrx_word' id='word_1_63' title='bbox 550 1353 657 1404; x_wconf 82' lang='lat' dir='ltr'><strong>servat</strong></span> <span class='ocrx_word' id='word_1_64' title='bbox 673 1343 812 1425; x_wconf 88' lang='lat' dir='ltr'><strong>vestigia</strong></span> <span class='ocrx_word' id='word_1_65' title='bbox 825 1341 947 1405; x_wconf 81' lang='lat' dir='ltr'><strong>formae.</strong></span> 
     </span>
     <span class='ocr_line' id='line_1_11' title="bbox 178 1444 962 1526; baseline 0 -16"><span class='ocrx_word' id='word_1_66' title='bbox 178 1447 322 1510; x_wconf 76' lang='lat' dir='ltr'><strong>Canities</strong></span> <span class='ocrx_word' id='word_1_67' title='bbox 336 1444 457 1514; x_wconf 79' lang='lat' dir='ltr'><strong>eadem</strong></span> <span class='ocrx_word' id='word_1_68' title='bbox 463 1453 525 1524; x_wconf 87' lang='lat' dir='ltr'><strong>est,</strong></span> <span class='ocrx_word' id='word_1_69' title='bbox 542 1445 656 1508; x_wconf 81' lang='lat' dir='ltr'><strong>cadem</strong></span> <span class='ocrx_word' id='word_1_70' title='bbox 671 1446 829 1522; x_wconf 85' lang='lat' dir='ltr'><strong>violentia</strong></span> <span class='ocrx_word' id='word_1_71' title='bbox 842 1447 962 1526; x_wconf 88' lang='lat' dir='ltr'><strong>vultus,</strong></span> 
     </span>
     <span class='ocr_line' id='line_1_12' title="bbox 183 1547 1012 1640; baseline -0.001 -27"><span class='ocrx_word' id='word_1_72' title='bbox 183 1550 276 1613; x_wconf 84' lang='lat' dir='ltr'><strong>Idem</strong></span> <span class='ocrx_word' id='word_1_73' title='bbox 288 1550 370 1614; x_wconf 88' lang='lat' dir='ltr'><strong>oculi</strong></span> <span class='ocrx_word' id='word_1_74' title='bbox 385 1549 505 1629; x_wconf 86' lang='lat' dir='ltr'><strong>lucent,</strong></span> <span class='ocrx_word' id='word_1_75' title='bbox 523 1549 638 1612; x_wconf 83' lang='lat' dir='ltr'><strong>eadem</strong></span> <span class='ocrx_word' id='word_1_76' title='bbox 653 1547 787 1626; x_wconf 78' lang='lat' dir='ltr'><strong>feritatis</strong></span> <span class='ocrx_word' id='word_1_77' title='bbox 802 1550 910 1631; x_wconf 84' lang='lat' dir='ltr'><strong>imago</strong></span> <span class='ocrx_word' id='word_1_78' title='bbox 926 1559 984 1636; x_wconf 74' lang='lat' dir='ltr'><strong>est.</strong></span> <span class='ocrx_word' id='word_1_79' title='bbox 1009 1633 1012 1640; x_wconf 26' lang='grc' dir='ltr'>Ι</span> 
     </span>
     <span class='ocr_line' id='line_1_13' title="bbox 231 1651 1215 1744; baseline 0.003 -27"><span class='ocrx_word' id='word_1_80' title='bbox 231 1654 348 1718; x_wconf 80' lang='lat' dir='ltr'><strong>Occidit</strong></span> <span class='ocrx_word' id='word_1_81' title='bbox 363 1675 431 1718; x_wconf 89' lang='lat' dir='ltr'><strong>una</strong></span> <span class='ocrx_word' id='word_1_82' title='bbox 445 1653 582 1734; x_wconf 79' lang='lat' dir='ltr'><strong>domus3</strong></span> <span class='ocrx_word' id='word_1_83' title='bbox 606 1651 665 1725; x_wconf 83' lang='lat' dir='ltr'><strong>sed</strong></span> <span class='ocrx_word' id='word_1_84' title='bbox 681 1671 748 1716; x_wconf 91' lang='lat' dir='ltr'><strong>non</strong></span> <span class='ocrx_word' id='word_1_85' title='bbox 763 1653 879 1716; x_wconf 89' lang='lat' dir='ltr'><strong>domus</strong></span> <span class='ocrx_word' id='word_1_86' title='bbox 895 1673 960 1744; x_wconf 84' lang='lat' dir='ltr'><strong>una</strong></span> <span class='ocrx_word' id='word_1_87' title='bbox 975 1651 1075 1736; x_wconf 85' lang='lat' dir='ltr'><strong>perire</strong></span> <span class='ocrx_word' id='word_1_88' title='bbox 1147 1653 1215 1720; x_wconf 74' lang='lat'><strong>240</strong></span> 
     </span>
     <span class='ocr_line' id='line_1_14' title="bbox 179 1755 1096 1856; baseline 0.001 -34"><span class='ocrx_word' id='word_1_89' title='bbox 179 1759 288 1842; x_wconf 84' lang='lat' dir='ltr'><strong>Digna</strong></span> <span class='ocrx_word' id='word_1_90' title='bbox 300 1759 371 1824; x_wconf 83' lang='lat' dir='ltr'><strong>luit.</strong></span> <span class='ocrx_word' id='word_1_91' title='bbox 395 1841 397 1856; x_wconf 38' lang='grc' dir='ltr'>Ι</span> <span class='ocrx_word' id='word_1_92' title='bbox 419 1759 499 1830; x_wconf 75' lang='lat' dir='ltr'><strong>Qud</strong></span> <span class='ocrx_word' id='word_1_93' title='bbox 514 1769 596 1822; x_wconf 89' lang='lat' dir='ltr'><strong>terra</strong></span> <span class='ocrx_word' id='word_1_94' title='bbox 611 1767 708 1840; x_wconf 84' lang='lat' dir='ltr'><strong>patet,</strong></span> <span class='ocrx_word' id='word_1_95' title='bbox 724 1755 791 1822; x_wconf 85' lang='lat' dir='ltr'><strong>sera</strong></span> <span class='ocrx_word' id='word_1_96' title='bbox 806 1768 917 1840; x_wconf 85' lang='lat' dir='ltr'><strong>regnat</strong></span> <span class='ocrx_word' id='word_1_97' title='bbox 933 1759 1096 1848; x_wconf 63' lang='lat' dir='ltr'><strong>Erinnysj</strong></span> 
     </span>
     <span class='ocr_line' id='line_1_15' title="bbox 174 1851 995 1947; baseline 0 -19"><span class='ocrx_word' id='word_1_98' title='bbox 174 1865 216 1928; x_wconf 83' lang='lat' dir='ltr'><strong>Iu</strong></span> <span class='ocrx_word' id='word_1_99' title='bbox 231 1865 360 1930; x_wconf 79' lang='lat' dir='ltr'><strong>facinus</strong></span> <span class='ocrx_word' id='word_1_100' title='bbox 371 1863 496 1946; x_wconf 71' lang='lat' dir='ltr'><strong>jurasse</strong></span> <span class='ocrx_word' id='word_1_101' title='bbox 512 1851 615 1947; x_wconf 82' lang='lat' dir='ltr'><strong>putes.</strong></span> <span class='ocrx_word' id='word_1_102' title='bbox 663 1863 750 1927; x_wconf 88' lang='lat' dir='ltr'><strong>Dent</strong></span> <span class='ocrx_word' id='word_1_103' title='bbox 766 1865 855 1927; x_wconf 80' lang='lat' dir='ltr'><strong>ocius</strong></span> <span class='ocrx_word' id='word_1_104' title='bbox 871 1883 995 1945; x_wconf 88' lang='lat' dir='ltr'><strong>omnes,</strong></span> 
     </span>
     <span class='ocr_line' id='line_1_16' title="bbox 173 1966 1021 2058; baseline -0.001 -23"><span class='ocrx_word' id='word_1_105' title='bbox 173 1971 271 2042; x_wconf 81' lang='lat' dir='ltr'><strong>Quas</strong></span> <span class='ocrx_word' id='word_1_106' title='bbox 286 1970 431 2036; x_wconf 58' lang='lat' dir='ltr'><strong>meruere</strong></span> <span class='ocrx_word' id='word_1_107' title='bbox 447 1969 523 2054; x_wconf 81' lang='lat' dir='ltr'><strong>pati,</strong></span> <span class='ocrx_word' id='word_1_108' title='bbox 541 1966 603 2053; x_wconf 87' lang='lat' dir='ltr'><strong>(sic</strong></span> <span class='ocrx_word' id='word_1_109' title='bbox 619 1979 682 2033; x_wconf 85' lang='lat' dir='ltr'><strong>stat</strong></span> <span class='ocrx_word' id='word_1_110' title='bbox 695 1971 874 2058; x_wconf 87' lang='lat' dir='ltr'><strong>sententia)</strong></span> <span class='ocrx_word' id='word_1_111' title='bbox 890 1972 1021 2053; x_wconf 82' lang='lat' dir='ltr'><strong>poenas’</strong></span> 
     </span>
    </p>
   </div>
   <div class='ocr_carea' id='block_1_3' title="bbox 442 2244 948 2290">
    <p class='ocr_par' dir='ltr' id='par_1_3' title="bbox 442 2244 948 2290">
     <span class='ocr_line' id='line_1_17' title="bbox 442 2244 948 2290; baseline -0.002 0"><span class='ocrx_word' id='word_1_112' title='bbox 442 2245 510 2290; x_wconf 75' lang='lat' dir='ltr'><strong>&#39;mli</strong></span> <span class='ocrx_word' id='word_1_113' title='bbox 520 2269 524 2274; x_wconf 86' lang='lat'><em>-</em></span> <span class='ocrx_word' id='word_1_114' title='bbox 534 2244 666 2290; x_wconf 71' lang='lat' dir='ltr'><strong>nubunt:</strong></span> <span class='ocrx_word' id='word_1_115' title='bbox 688 2244 727 2288; x_wconf 75' lang='lat' dir='ltr'><strong>OF</strong></span> <span class='ocrx_word' id='word_1_116' title='bbox 749 2246 948 2290; x_wconf 71' lang='lat' dir='ltr'><strong>uuucumont.</strong></span> 
     </span>
    </p>
   </div>
   <div class='ocr_carea' id='block_1_4' title="bbox 628 2376 778 2473">
    <p class='ocr_par' dir='ltr' id='par_1_4' title="bbox 628 2376 778 2473">
     <span class='ocr_line' id='line_1_18' title="bbox 628 2376 778 2473; baseline 0 -32"><span class='ocrx_word' id='word_1_117' title='bbox 628 2399 657 2443; x_wconf 77' lang='lat' dir='ltr'><strong>v.</strong></span> <span class='ocrx_word' id='word_1_118' title='bbox 683 2376 778 2473; x_wconf 78' lang='grc' dir='ltr'><strong>244.Ι</strong></span> 
     </span>
    </p>
   </div>
   <div class='ocr_carea' id='block_1_5' title="bbox 175 2477 1221 3841">
    <p class='ocr_par' dir='ltr' id='par_1_5' title="bbox 175 2477 1219 3428">
     <span class='ocr_line' id='line_1_19' title="bbox 175 2477 1122 2588; baseline -0.002 -22"><span class='ocrx_word' id='word_1_119' title='bbox 175 2502 277 2566; x_wconf 89' lang='lat' dir='ltr'><strong>Dicta</strong></span> <span class='ocrx_word' id='word_1_120' title='bbox 289 2501 381 2566; x_wconf 80' lang='lat' dir='ltr'><strong>sevis</strong></span> <span class='ocrx_word' id='word_1_121' title='bbox 396 2521 467 2588; x_wconf 88' lang='lat' dir='ltr'><strong>pars</strong></span> <span class='ocrx_word' id='word_1_122' title='bbox 481 2509 562 2565; x_wconf 82' lang='lat' dir='ltr'><strong>voce</strong></span> <span class='ocrx_word' id='word_1_123' title='bbox 579 2501 724 2583; x_wconf 86' lang='lat' dir='ltr'><strong>probant,</strong></span> <span class='ocrx_word' id='word_1_124' title='bbox 742 2477 954 2580; x_wconf 78' lang='lat' dir='ltr'><strong>slimulosque</strong></span> <span class='ocrx_word' id='word_1_125' title='bbox 970 2497 1122 2564; x_wconf 83' lang='lat' dir='ltr'><strong>frementi</strong></span> 
     </span>
     <span class='ocr_line' id='line_1_20' title="bbox 176 2602 1219 2689; baseline -0.008 -18"><span class='ocrx_word' id='word_1_126' title='bbox 176 2606 364 2687; x_wconf 82' lang='lat' dir='ltr'><strong>Adjiciunt3</strong></span> <span class='ocrx_word' id='word_1_127' title='bbox 387 2606 443 2669; x_wconf 90' lang='lat' dir='ltr'><strong>alii</strong></span> <span class='ocrx_word' id='word_1_128' title='bbox 458 2617 562 2689; x_wconf 88' lang='lat' dir='ltr'><strong>partes</strong></span> <span class='ocrx_word' id='word_1_129' title='bbox 577 2602 761 2667; x_wconf 84' lang='lat' dir='ltr'><strong>assensibus</strong></span> <span class='ocrx_word' id='word_1_130' title='bbox 776 2603 920 2684; x_wconf 87' lang='lat' dir='ltr'><strong>implent.</strong></span> <span class='ocrx_word' id='word_1_131' title='bbox 1152 2603 1219 2669; x_wconf 79' lang='grc'><strong>245</strong></span> 
     </span>
     <span class='ocr_line' id='line_1_21' title="bbox 177 2706 913 2796; baseline -0.011 -20"><span class='ocrx_word' id='word_1_132' title='bbox 177 2713 239 2776; x_wconf 87' lang='lat' dir='ltr'><strong>Est</strong></span> <span class='ocrx_word' id='word_1_133' title='bbox 255 2723 364 2776; x_wconf 85' lang='lat' dir='ltr'><strong>tamen</strong></span> <span class='ocrx_word' id='word_1_134' title='bbox 378 2711 514 2794; x_wconf 86' lang='lat' dir='ltr'><strong>humani</strong></span> <span class='ocrx_word' id='word_1_135' title='bbox 529 2709 656 2792; x_wconf 87' lang='lat' dir='ltr'><strong>generis</strong></span> <span class='ocrx_word' id='word_1_136' title='bbox 668 2706 795 2796; x_wconf 65' lang='lat' dir='ltr'><strong>jactura</strong></span> <span class='ocrx_word' id='word_1_137' title='bbox 810 2707 913 2769; x_wconf 91' lang='lat' dir='ltr'><strong>dolori</strong></span> 
     </span>
     <span class='ocr_line' id='line_1_22' title="bbox 177 2811 985 2898; baseline -0.005 -18"><span class='ocrx_word' id='word_1_138' title='bbox 177 2817 359 2896; x_wconf 86' lang='lat' dir='ltr'><strong>Omnibus3</strong></span> <span class='ocrx_word' id='word_1_139' title='bbox 383 2827 425 2898; x_wconf 83' lang='lat' dir='ltr'><strong>et,</strong></span> <span class='ocrx_word' id='word_1_140' title='bbox 442 2835 515 2898; x_wconf 83' lang='lat' dir='ltr'><strong>quae</strong></span> <span class='ocrx_word' id='word_1_141' title='bbox 531 2817 572 2879; x_wconf 91' lang='lat' dir='ltr'><strong>sit</strong></span> <span class='ocrx_word' id='word_1_142' title='bbox 587 2826 678 2878; x_wconf 86' lang='lat' dir='ltr'><strong>terrae</strong></span> <span class='ocrx_word' id='word_1_143' title='bbox 695 2811 889 2876; x_wconf 81' lang='lat' dir='ltr'><strong>mortalibus</strong></span> <span class='ocrx_word' id='word_1_144' title='bbox 901 2813 985 2876; x_wconf 83' lang='lat' dir='ltr'><strong>orbae</strong></span> 
     </span>
     <span class='ocr_line' id='line_1_23' title="bbox 176 2917 1004 3003; baseline -0.002 -19"><span class='ocrx_word' id='word_1_145' title='bbox 176 2919 300 2986; x_wconf 79' lang='lat' dir='ltr'><strong>Forma</strong></span> <span class='ocrx_word' id='word_1_146' title='bbox 314 2922 429 3002; x_wconf 88' lang='lat' dir='ltr'><strong>futura,</strong></span> <span class='ocrx_word' id='word_1_147' title='bbox 445 2931 581 3003; x_wconf 84' lang='lat' dir='ltr'><strong>rogant:</strong></span> <span class='ocrx_word' id='word_1_148' title='bbox 605 2921 677 3002; x_wconf 88' lang='lat' dir='ltr'><strong>quis</strong></span> <span class='ocrx_word' id='word_1_149' title='bbox 693 2920 733 2982; x_wconf 84' lang='lat' dir='ltr'><strong>sit</strong></span> <span class='ocrx_word' id='word_1_150' title='bbox 748 2917 870 2982; x_wconf 87' lang='lat' dir='ltr'><strong>laturus</strong></span> <span class='ocrx_word' id='word_1_151' title='bbox 885 2919 919 2981; x_wconf 91' lang='lat' dir='ltr'><strong>in</strong></span> <span class='ocrx_word' id='word_1_152' title='bbox 935 2939 1004 2982; x_wconf 86' lang='lat' dir='ltr'><strong>aras</strong></span> 
     </span>
     <span class='ocr_line' id='line_1_24' title="bbox 177 3023 1010 3114; baseline -0.005 -24"><span class='ocrx_word' id='word_1_153' title='bbox 177 3026 430 3114; x_wconf 48' lang='lat' dir='ltr'><strong>&#39;I&#39;uragferisne</strong></span> <span class='ocrx_word' id='word_1_154' title='bbox 447 3035 535 3114; x_wconf 84' lang='lat' dir='ltr'><strong>paret</strong></span> <span class='ocrx_word' id='word_1_155' title='bbox 551 3024 750 3108; x_wconf 83' lang='lat' dir='ltr'><strong>populandas</strong></span> <span class='ocrx_word' id='word_1_156' title='bbox 765 3023 887 3086; x_wconf 86' lang='lat' dir='ltr'><strong>tradere</strong></span> <span class='ocrx_word' id='word_1_157' title='bbox 903 3035 1010 3086; x_wconf 83' lang='lat' dir='ltr'><strong>terras.</strong></span> 
     </span>
     <span class='ocr_line' id='line_1_25' title="bbox 176 3127 1219 3214; baseline -0.003 -21"><span class='ocrx_word' id='word_1_158' title='bbox 176 3130 278 3194; x_wconf 85' lang='lat' dir='ltr'><strong>Talia</strong></span> <span class='ocrx_word' id='word_1_159' title='bbox 292 3141 471 3212; x_wconf 82' lang='lat' dir='ltr'><strong>quaerentes</strong></span> <span class='ocrx_word' id='word_1_160' title='bbox 488 3130 565 3212; x_wconf 89' lang='lat' dir='ltr'><strong>(sibi</strong></span> <span class='ocrx_word' id='word_1_161' title='bbox 580 3129 669 3192; x_wconf 85' lang='lat' dir='ltr'><strong>enim</strong></span> <span class='ocrx_word' id='word_1_162' title='bbox 684 3127 751 3190; x_wconf 81' lang='lat' dir='ltr'><strong>fore</strong></span> <span class='ocrx_word' id='word_1_163' title='bbox 768 3135 875 3191; x_wconf 79' lang='lat' dir='ltr'><strong>cetera</strong></span> <span class='ocrx_word' id='word_1_164' title='bbox 891 3131 994 3214; x_wconf 84' lang='lat' dir='ltr'><strong>ourae)</strong></span> <span class='ocrx_word' id='word_1_165' title='bbox 1149 3127 1219 3191; x_wconf 79' lang='lat'><strong>250</strong></span> 
     </span>
     <span class='ocr_line' id='line_1_26' title="bbox 177 3231 1064 3316; baseline -0.006 -17"><span class='ocrx_word' id='word_1_166' title='bbox 177 3237 253 3299; x_wconf 85' lang='lat' dir='ltr'><strong>Rex</strong></span> <span class='ocrx_word' id='word_1_167' title='bbox 269 3235 419 3316; x_wconf 81' lang='lat' dir='ltr'><strong>superdm</strong></span> <span class='ocrx_word' id='word_1_168' title='bbox 435 3234 590 3316; x_wconf 84' lang='lat' dir='ltr'><strong>trepidare</strong></span> <span class='ocrx_word' id='word_1_169' title='bbox 609 3244 705 3312; x_wconf 85' lang='lat' dir='ltr'><strong>vetat,</strong></span> <span class='ocrx_word' id='word_1_170' title='bbox 723 3231 930 3312; x_wconf 88' lang='lat' dir='ltr'><strong>sobolemque</strong></span> <span class='ocrx_word' id='word_1_171' title='bbox 947 3232 1042 3315; x_wconf 87' lang='lat' dir='ltr'><strong>priori</strong></span> <span class='ocrx_word' id='word_1_172' title='bbox 1062 3243 1064 3249; x_wconf 85' lang='lat'>&#39;</span> 
     </span>
     <span class='ocr_line' id='line_1_27' title="bbox 177 3333 935 3428; baseline -0.005 -26"><span class='ocrx_word' id='word_1_173' title='bbox 177 3338 379 3428; x_wconf 87' lang='lat' dir='ltr'><strong>Dissimilem</strong></span> <span class='ocrx_word' id='word_1_174' title='bbox 395 3339 515 3421; x_wconf 87' lang='lat' dir='ltr'><strong>populo</strong></span> <span class='ocrx_word' id='word_1_175' title='bbox 529 3339 687 3420; x_wconf 88' lang='lat' dir='ltr'><strong>promittit</strong></span> <span class='ocrx_word' id='word_1_176' title='bbox 704 3337 826 3418; x_wconf 90' lang='lat' dir='ltr'><strong>origine</strong></span> <span class='ocrx_word' id='word_1_177' title='bbox 842 3333 935 3398; x_wconf 74' lang='lat' dir='ltr'><strong>mind.</strong></span> 
     </span>
    </p>

    <p class='ocr_par' dir='ltr' id='par_1_6' title="bbox 175 3435 1221 3841">
     <span class='ocr_line' id='line_1_28' title="bbox 222 3435 1059 3525; baseline -0.004 -18"><span class='ocrx_word' id='word_1_178' title='bbox 222 3436 359 3524; x_wconf 59' lang='lat' dir='ltr'><strong>Jamque</strong></span> <span class='ocrx_word' id='word_1_179' title='bbox 375 3455 443 3506; x_wconf 88' lang='lat' dir='ltr'><strong>erat</strong></span> <span class='ocrx_word' id='word_1_180' title='bbox 459 3445 492 3506; x_wconf 93' lang='lat' dir='ltr'><strong>in</strong></span> <span class='ocrx_word' id='word_1_181' title='bbox 508 3453 591 3506; x_wconf 88' lang='lat' dir='ltr'><strong>totas</strong></span> <span class='ocrx_word' id='word_1_182' title='bbox 607 3435 771 3525; x_wconf 75' lang='lat' dir='ltr'><strong>sparsurus</strong></span> <span class='ocrx_word' id='word_1_183' title='bbox 787 3439 926 3504; x_wconf 84' lang='lat' dir='ltr'><strong>fulmine</strong></span> <span class='ocrx_word' id='word_1_184' title='bbox 941 3452 1059 3522; x_wconf 85' lang='lat' dir='ltr'><strong>terras;</strong></span> 
     </span>
     <span class='ocr_line' id='line_1_29' title="bbox 176 3545 1025 3628; baseline -0.008 -13"><span class='ocrx_word' id='word_1_185' title='bbox 176 3549 247 3616; x_wconf 84' lang='lat' dir='ltr'><strong>Sed</strong></span> <span class='ocrx_word' id='word_1_186' title='bbox 263 3549 382 3628; x_wconf 88' lang='lat' dir='ltr'><strong>timuit,</strong></span> <span class='ocrx_word' id='word_1_187' title='bbox 399 3567 440 3611; x_wconf 91' lang='lat' dir='ltr'><strong>ne</strong></span> <span class='ocrx_word' id='word_1_188' title='bbox 457 3547 538 3612; x_wconf 76' lang='lat' dir='ltr'><strong>forte</strong></span> <span class='ocrx_word' id='word_1_189' title='bbox 555 3567 644 3610; x_wconf 84' lang='lat' dir='ltr'><strong>sacer</strong></span> <span class='ocrx_word' id='word_1_190' title='bbox 659 3556 707 3609; x_wconf 91' lang='lat' dir='ltr'><strong>tot</strong></span> <span class='ocrx_word' id='word_1_191' title='bbox 722 3546 762 3608; x_wconf 87' lang='lat' dir='ltr'><strong>ab</strong></span> <span class='ocrx_word' id='word_1_192' title='bbox 779 3545 909 3627; x_wconf 87' lang='lat' dir='ltr'><strong>ignibus</strong></span> <span class='ocrx_word' id='word_1_193' title='bbox 924 3547 1025 3608; x_wconf 87' lang='lat' dir='ltr'><strong>aether</strong></span> 
     </span>
     <span class='ocr_line' id='line_1_30' title="bbox 175 3647 1221 3738; baseline -0.011 -17"><span class='ocrx_word' id='word_1_194' title='bbox 175 3655 371 3738; x_wconf 76' lang='lat' dir='ltr'><strong>conciperet</strong></span> <span class='ocrx_word' id='word_1_195' title='bbox 386 3653 542 3733; x_wconf 84' lang='lat' dir='ltr'><strong>dammas,</strong></span> <span class='ocrx_word' id='word_1_196' title='bbox 559 3662 710 3732; x_wconf 91' lang='lat' dir='ltr'><strong>totusque</strong></span> <span class='ocrx_word' id='word_1_197' title='bbox 725 3648 903 3714; x_wconf 84' lang='lat' dir='ltr'><strong>ardesceret</strong></span> <span class='ocrx_word' id='word_1_198' title='bbox 919 3651 998 3712; x_wconf 86' lang='lat' dir='ltr'><strong>axis.</strong></span> <span class='ocrx_word' id='word_1_199' title='bbox 1152 3647 1221 3712; x_wconf 78' lang='lat' dir='ltr'><strong>att</strong></span> 
     </span>
     <span class='ocr_line' id='line_1_31' title="bbox 179 3754 1152 3841; baseline -0.014 -15"><span class='ocrx_word' id='word_1_200' title='bbox 179 3762 263 3825; x_wconf 83' lang='lat' dir='ltr'><strong>Esse</strong></span> <span class='ocrx_word' id='word_1_201' title='bbox 279 3759 408 3841; x_wconf 80' lang='lat' dir='ltr'><strong>quoque</strong></span> <span class='ocrx_word' id='word_1_202' title='bbox 425 3759 459 3822; x_wconf 88' lang='lat' dir='ltr'><strong>in</strong></span> <span class='ocrx_word' id='word_1_203' title='bbox 475 3757 550 3822; x_wconf 84' lang='lat' dir='ltr'><strong>satis</strong></span> <span class='ocrx_word' id='word_1_204' title='bbox 565 3755 790 3834; x_wconf 85' lang='lat' dir='ltr'><strong>reminiscitur,</strong></span> <span class='ocrx_word' id='word_1_205' title='bbox 804 3754 905 3818; x_wconf 74' lang='lat' dir='ltr'><strong>affore</strong></span> <span class='ocrx_word' id='word_1_206' title='bbox 923 3763 1061 3832; x_wconf 88' lang='lat' dir='ltr'><strong>tempus.</strong></span> <span class='ocrx_word' id='word_1_207' title='bbox 1149 3777 1152 3784; x_wconf 51' lang='lat'><strong>⁴</strong></span> 
     </span>
    </p>
   </div>
   <div class='ocr_carea' id='block_1_6' title="bbox 0 0 1338 4176">
    <p class='ocr_par' dir='ltr' id='par_1_7' title="bbox 0 0 1338 4176">
     <span class='ocr_line' id='line_1_32' title="bbox 0 0 1338 4176; baseline 0 0"><span class='ocrx_word' id='word_1_208' title='bbox 0 0 1338 4176; x_wconf 95' lang='lat' dir='ltr'><strong> </strong></span> 
     </span>
    </p>
   </div>
  </div>
 </body>
</html>
