2646 4176
588 297 687 350 aoorr
708 299 744 350 ru
808 357 814 364 ,
1140 271 1184 336 3⁵

146 455 242 521 Ardet
258 455 293 518 in
309 453 506 518 immensum
521 443 692 536 geminatis
707 455 837 536 ignibus
851 453 960 532 Aitna,

146 561 366 641 Parnasusque
382 558 493 641 biceps
507 569 540 622 et
557 559 648 640 Eryx
663 570 696 622 et
710 559 862 641 Cynthus
877 569 910 622 et
927 558 1057 638 Othrys,
1117 553 1184 618 220

151 667 195 729 Et
210 664 338 727 tandem
355 655 516 746 Rhodope
532 664 663 727 nivibus
678 664 823 742 caritura,
841 663 1021 744 Mimasque

151 771 376 852 Dindymaque
391 779 423 831 et
440 769 569 850 Mycale
584 781 741 850 natusque
757 768 799 830 ad
814 788 904 831 sacra
919 769 1093 832 Oithaeron.

148 876 214 939 Nec
231 885 363 958 prosunt
379 873 526 956 Scythias
542 893 600 937 sua
614 873 749 956 frigora:
773 875 943 958 Caucasus
952 873 1050 952 ardet,

148 982 289 1062 Ossaque
305 999 382 1042 cum
400 977 502 1042 Pindo
519 977 681 1059 majorque
697 980 854 1043 ambobus
870 979 1040 1062 Olympus,

141 1087 315 1166 Aeriaeque
330 1084 429 1166 Alpes
444 1094 477 1146 et
493 1082 622 1147 nubifer
637 1085 837 1167 Apenninus.
1117 1080 1184 1144 225

40 1212 46 1231 ·
164 1191 281 1253 ·Tum
307 1187 383 1251 verd
398 1188 569 1252 Phaethon
584 1191 711 1252 cunctis
726 1209 744 1252 e
762 1191 903 1272 partibus
919 1189 1029 1252 orbern
1069 1201 1073 1210 '

144 1294 292 1377 Adspicit
307 1313 488 1372 accensum,
505 1313 565 1356 uec
582 1305 687 1358 tantos
703 1296 839 1358 sustinet
854 1307 962 1372 aestus,

146 1403 387 1481 Perueutesque
403 1419 505 1487 auras,
521 1399 611 1462 velut
626 1419 644 1462 e
661 1398 788 1462 fornace
805 1398 972 1482 profundis,

152 1505 214 1567 Ore
229 1505 330 1584 trahit,
345 1523 519 1588 currusque
535 1524 610 1568 suos
625 1504 816 1568 candescere
831 1506 948 1583 sentit;

155 1610 200 1672 Et
217 1629 315 1690 neque
325 1609 390 1690 jam
406 1610 530 1674 cineres
546 1608 780 1689 eiectatamque
796 1607 941 1672 favillam
1118 1605 1185 1670 230
1290 1615 1292 1620 ’

151 1715 248 1778 Perre
263 1727 373 1798 potest,
388 1715 557 1796 calidoque
575 1713 751 1778 involvitur
765 1713 909 1795 undique
924 1713 1037 1793 fumo;

12 1869 14 1890 r
103 1797 122 1822 Γ
143 1820 436 1902 olomucensem
453 1817 576 1898 ubisit,
593 1819 685 1903 picei
697 1819 838 1902 caligine
860 1829 964 1883 tectus

13 1917 14 1926 ἶ
140 1923 266 2004 Nescit,
282 1935 315 1988 et
330 1925 459 1989 arbitrio
475 1926 643 1989 volucrum
660 1936 801 2017 raptatur
816 1941 982 2006 equorum.

187 2030 359 2113 Sanguine
376 2041 453 2094 tunc
468 2029 603 2094 credunt
619 2031 656 2094 iu
669 2045 801 2114 corpora
816 2048 944 2094 summa
959 2041 1085 2108 vocato,

141 2135 337 2218 Ethiopum
353 2135 487 2218 populos
501 2136 629 2218 nigrum
647 2136 779 2200 traxisse
796 2136 956 2200 colorem..
1116 2133 1184 2196 236

143 2241 244 2306 'l'rmc
261 2241 346 2304 sacta
361 2251 410 2304 est
426 2240 542 2322 Libye,
558 2241 655 2322 raptis
671 2242 860 2304 humoribus
876 2251 967 2318 aestu,

138 2345 263 2426 Aride3
285 2357 365 2410 tnnc
380 2347 534 2428 nymphae
551 2348 650 2429 passis
665 2345 833 2426 fontesque
847 2346 998 2426 lacusque

142 2451 313 2516 Deflevere
327 2453 440 2515 comis.
488 2451 618 2519 Quaerit
634 2451 761 2516 Boeotia
776 2451 906 2528 Dircen,

142 2559 245 2640 Argos
262 2559 479 2638 Amymonen,
497 2557 629 2639 Ephyre
645 2555 810 2618 Pirenidas
825 2555 938 2617 undas.

140 2661 210 2726 Nec
226 2662 339 2725 sortita
353 2662 425 2725 loco
439 2663 597 2726 distantes
612 2661 750 2724 flumina
764 2660 849 2741 ripas
1116 2658 1183 2724 240

141 2767 235 2830 'Puta
249 2777 402 2830 manent:
426 2767 541 2830 mediis
556 2767 680 2831 Tanais
695 2764 833 2829 fumavit
850 2764 884 2828 in
899 2764 1005 2844 undis,

139 2871 330 2953 Peneosque
347 2893 449 2936 senex
465 2873 769 2960 Teuthranteiisque
786 2873 907 2934 Caicus

139 2977 185 3041 Et
202 2977 288 3040 celer
304 2979 449 3040 Ismenos
464 2997 540 3042 cum
557 2977 735 3060 Psopha'ico
753 2977 967 3059 Erymantho,

138 3086 343 3162 Arsurusque
360 3083 475 3148 iterum
494 3083 647 3146 Xanthus
662 3083 829 3163 flavusque
846 3083 1033 3164 Lycormas,

138 3188 277 3267 Quique
294 3189 469 3250 recurvatis
484 3188 566 3250 ludit
584 3188 765 3250 Maeandros
781 3189 815 3250 in
831 3189 937 3268 undis,
1115 3187 1183 3253 245

137 3291 405 3376 Mygdoniusque
422 3293 535 3384 Melas,
552 3305 585 3356 et
602 3293 773 3356 'I'aenarius
789 3293 937 3356 Eurotas.

137 3399 232 3462 Arsit
244 3410 277 3460 at
296 3397 474 3481 Euphrates
491 3399 784 3480 Babylonius,arsit
801 3399 947 3477 Orontes,

138 3501 420 3584 Thermodonque
437 3503 521 3566 citus
536 3505 731 3584 Gangesque
748 3514 780 3566 et
797 3503 911 3568 Phasis
925 3515 958 3566 et
969 3503 1077 3583 ‘ister;

138 3606 272 3674 AEstuat
287 3609 451 3692 Alpheus;
474 3609 551 3691 ripae
567 3607 782 3692 Spercheides
797 3609 909 3672 ardent
922 3630 930 3688 ;

12 3735 14 3742 ·
138 3713 309 3795 Quodque
320 3734 380 3806 suo
393 3711 615 3796 Tagus'amne
625 3715 727 3793 vehit,
738 3713 809 3776 fluit
827 3714 956 3795 ignibus
968 3732 1092 3777 aurum.
1116 3713 1182 3776 250
