2636 4178
140 260 188 323 76
433 281 551 333 ονιοέ
573 281 892 334 rmrnuonrnosus

144 435 376 517 Ruricolesque
391 437 491 500 boves
505 437 571 500 leto
587 436 685 518 dedit,
702 457 838 517 arvaque
851 435 945 515 jussit

146 540 272 604 Fallere
287 541 478 624 depositum,
496 544 672 624 vitiataque
688 543 812 605 semina
828 541 913 605 lecit.

145 644 309 710 Fertilitas
325 659 425 726 terrae,
442 648 543 711 latum
560 643 692 729 vulgata
707 668 761 729 per
777 647 897 725 orbem,

145 753 243 814 Cassa
254 749 359 831 jacet:
384 754 494 836 primis
509 765 635 834 segetes
650 753 831 816 moriuntur
846 754 880 815 in
897 752 1013 831 herbis,

145 856 189 917 Et
206 856 302 919 modb
317 857 364 920 sol
381 858 510 936 nimius,
527 859 646 921 nimius
662 857 758 920 modb
774 857 900 939 corripit
917 857 1026 939 imber,
1115 857 1182 922 320

146 960 320 1042 Sideraque
343 963 498 1044 ventique
521 975 651 1044 nocent,
675 961 840 1043 avidaeque
857 962 1004 1024 volucres

146 1065 279 1128 Semina
291 1063 378 1144 jacta
400 1066 523 1148 legunt,
547 1067 663 1130 lolium
681 1067 852 1147 tribulique
868 1065 1005 1149 fatigant

146 1169 305 1232 Triticeas
322 1189 441 1252 messes
456 1182 488 1234 et
506 1172 755 1253 inexpugnabile
772 1191 914 1253 gramen.

190 1273 279 1336 Tum
292 1285 388 1356 caput
406 1275 496 1338 Eleis
513 1276 667 1358 Alpheias
683 1277 800 1340 extulit
817 1278 923 1356 undis,

145 1379 364 1460 Rorantesque
380 1399 524 1442 comesa
541 1380 643 1444 fronte
660 1384 796 1444 removit
812 1382 853 1444 ad
869 1402 971 1463 aures,
1117 1383 1183 1445 325

144 1488 251 1565 Atque
266 1484 332 1547 ait:
359 1484 407 1546 ‘O
422 1495 489 1546 toto
506 1487 648 1565 quaesitae
665 1486 800 1567 virginis
815 1487 890 1550 orbe

146 1589 191 1652 Et
205 1588 335 1672 frugum
351 1591 500 1674 genitrix,
516 1589 692 1654 immensos
707 1593 782 1654 siste
800 1592 933 1672 labores,

144 1695 234 1759 Neve
252 1695 309 1758 tibi
326 1693 400 1758 fidae
416 1695 559 1758 violenta
574 1696 706 1760 irascere
724 1707 822 1760 terrae.

146 1799 248 1862 'Pena
263 1800 344 1864 nihil
360 1800 486 1880 meruit,
503 1800 669 1882 patuitque
686 1803 788 1864 invita
802 1802 930 1882 rapinae.

144 1902 212 1968 Nec
229 1923 300 1968 sum
318 1925 372 1988 pro
389 1905 490 1988 patrib
505 1906 660 1988 supplex;
684 1907 749 1968 huc
765 1906 892 1986 hospita
907 1903 1002 1967 veni:
1116 1902 1185 1968 330
1282 1957 1290 1969 .

145 2009 220 2073 Pisa
234 2010 317 2073 mihi
332 2011 433 2094 patria
446 2020 505 2089 est,
522 2021 556 2072 et
570 2011 611 2073 ab
628 2009 723 2074 Elide
741 2001 1013 2089 ducimus'ortus5

147 2114 312 2178 Sicaniam
329 2117 493 2198 peregrina
507 2115 599 2196 eolo;
623 2114 680 2178 sed
696 2115 813 2196 gratior
828 2113 918 2176 omni

146 2219 229 2286 Haee
245 2220 327 2283 mihi
343 2231 424 2282 terre
438 2219 507 2283 solo
523 2231 581 2284 est.
630 2219 702 2282 Hos
717 2239 804 2282 nunc
821 2220 983 2283 Arethusa
998 2229 1138 2302 penates,

147 2325 242 2389 Hanc
258 2326 362 2388 habeo
378 2326 498 2406 sedem,
514 2345 612 2406 quem
627 2335 674 2404 tu,
691 2325 870 2405 mitissime,
886 2344 986 2388 serva.
1167 2320 1176 2336 '

146 2431 238 2494 Mota
252 2431 324 2494 loco
339 2450 397 2493 cur
412 2433 484 2508 sim,
502 2431 647 2512 tantique
663 2450 719 2514 per
733 2430 872 2511 aequoris
886 2430 991 2493 undas
1119 2427 1186 2492 335

148 2535 298 2599 Advehar
314 2535 492 2618 Ortygiam,
508 2537 618 2600 veniet
632 2537 811 2600 narratibus
826 2537 906 2601 hora
928 2542 931 2549 '
949 2549 952 2554 ’

149 2642 361 2725 Tempestiva
375 2641 466 2720 meis,
482 2642 556 2704 etim
573 2653 607 2704 tu
624 2642 772 2720 curisque
790 2641 905 2719 levata,

147 2747 193 2811 Et
208 2746 317 2810 vultbs
332 2745 473 2809 melioris
489 2747 560 2808 eris.
607 2745 692 2808 Mihi
707 2746 816 2826 pervia
830 2745 926 2808 tellus

147 2851 274 2914 Praebet
290 2851 359 2928 iter,
376 2849 547 2927 subterque
565 2849 645 2911 imas
660 2849 767 2910 ablata
781 2867 934 2912 cavernas

149 2955 213 3019 Hie
228 2964 325 3036 caput
340 2935 677 3035 attollo,desuetaque
694 2951 797 3014 sidera
812 2972 917 3016 cerno.

149 3061 248 3142 Ergo,
265 3058 344 3121 dum
362 3057 479 3138 Stygio
488 3057 555 3140 ,sub
571 3057 662 3119 terris
678 3057 803 3138 gurgite
820 3057 918 3138 labor,

149 3166 228 3229 Visa
243 3173 360 3226 tuaest
376 3162 478 3225 oculis
493 3162 559 3224 illic
576 3160 764 3242 Proserpina
779 3162 902 3226 nostris.
1013 3211 1014 3220 ,

148 3269 210 3335 Illa
225 3269 355 3350 quidem
371 3269 478 3348 tristis,
496 3287 556 3330 nec
571 3265 677 3329 adhuc
694 3268 837 3329 interrita
851 3269 955 3346 vultu,
1001 3333 1004 3337 ,

150 3374 217 3440 Sed
235 3375 345 3456 regine
361 3385 480 3452 tamen,
497 3373 553 3436 sed
570 3373 661 3454 opaci
680 3372 823 3436 maxima
838 3374 963 3454 mundi,

150 3479 217 3545 Sed
233 3491 341 3542 temen
358 3477 474 3542 inferni
490 3477 614 3560 pollens
629 3487 775 3540 matrona
790 3481 940 3559 tyranni’

195 3585 298 3648 Meter
312 3583 353 3646 ad
368 3583 493 3647 auditas
509 3584 642 3665 stupuit,
658 3601 720 3646 ceu
735 3601 841 3660 saxea,
858 3603 963 3661 voces,

149 3690 370 3771 Attonitaeque
387 3689 444 3751 diu
458 3689 574 3752 similis
588 3688 669 3752 suit:
694 3699 792 3768 utque
807 3685 916 3750 dolore
