2646 4176
606 245 706 298 BOOK
727 247 774 298 tv.

163 406 319 473 Induitur
333 403 462 486 pallam,
480 411 623 483 tortoque
638 402 813 484 incingitur
827 421 943 485 angue,

169 511 408 593 Egrediturque
425 507 531 570 domo.
578 507 702 572 Luctus
716 509 887 574 comitatur
902 519 1044 589 euntem,

174 617 218 680 Et
232 615 334 677 Pavor
349 623 383 676 et
400 612 518 676 Terror
535 612 718 695 trepidoque
736 614 866 678 Insania
880 613 983 679 vultu.
1144 614 1207 680 106

176 722 299 784 Limine
315 718 522 781 constiterat:
545 729 651 800 postes
665 719 832 782 tremuisse
848 717 993 784 leniatur

174 825 280 904 AEolii,
298 825 461 906 pallorque
477 822 561 886 fores
575 822 687 887 infecit
703 843 843 904 acernus,

172 930 291 1012 Solque
309 927 527 1010 locum-fugit.
574 928 726 992 Monstris
741 940 790 992 est
805 929 912 994 territa
927 927 1058 1011 conjux,

169 1037 320 1099 Territus
336 1046 384 1096 est
401 1035 567 1112 Athamas,
584 1045 732 1116 tectoque
748 1035 834 1098 exire
850 1036 1012 1118 parabant.

164 1141 304 1203 Obstitit
320 1137 445 1218 infelix,
461 1139 647 1219 aditumque
664 1139 788 1202 obsedit
805 1141 957 1222 Erinnys,
1143 1141 1204 1204 170

164 1245 324 1325 Nexaque
340 1244 476 1325 vipereis
492 1243 677 1306 distendens
691 1245 821 1308 brachia
835 1245 938 1326 nodis,

168 1351 342 1414 Oeesariem
358 1350 508 1411 excussit.
555 1348 653 1412 Motae
670 1351 803 1414 sonuere
820 1351 970 1430 colubrae,

173 1454 312 1534 Parsque
324 1452 431 1533 jacent
447 1453 597 1533 humeris,
614 1456 822 1536 parseircum
839 1466 983 1537 tempora
998 1456 1093 1537 lapsae

178 1557 285 1622 Sibila
298 1559 376 1638 dant,
393 1559 579 1640 saniemque
595 1569 743 1638 vomunt,
761 1559 951 1640 linguasque
966 1569 1143 1624 coruscant.

176 1663 260 1728 Inde
275 1662 348 1725 duos
362 1664 478 1726 mediis
493 1664 618 1746 abrupit
634 1664 776 1726 crinibus
791 1683 924 1745 angues,
1142 1664 1204 1729 175

169 1766 386 1850 Pestiferique
402 1789 499 1832 mauu
515 1779 622 1851 raptos
637 1769 779 1833 immisit.
828 1772 871 1850 At
886 1769 934 1832 illi

165 1875 330 1954 Inoosque
345 1874 435 1936 sinus
450 1875 744 1956 Athamanteosque
760 1887 930 1958 pererrant,

166 1979 392 2062 Inspirantque
409 1981 521 2061 graves
536 1980 678 2060 animas3
703 1999 762 2044 nec
777 1981 911 2044 vulnera
926 1981 1079 2044 membris

169 2083 386 2147 inluserunt:
409 2103 501 2147 mens
516 2095 574 2165 est,
590 2103 663 2166 quae
678 2086 764 2149 diros
779 2088 894 2151 sentiat
910 2081 1002 2150 ictus.

167 2189 330 2252 Attulerat
346 2207 455 2252 secum
470 2189 584 2270 liquidi
599 2210 725 2271 quoque
741 2193 884 2254 monstra
898 2191 1026 2269 veneni,
1141 2189 1204 2254 180

167 2294 242 2357 Oris
258 2294 405 2357 Cerberei
421 2313 549 2376 spumas
563 2306 595 2358 et
612 2295 700 2358 virus
716 2295 884 2374 Echidnae,

168 2399 363 2478 Erroresque
380 2419 477 2481 vagos
492 2419 650 2481 caecaeque
666 2400 786 2463 oblivia
799 2401 928 2478 mentis,

169 2503 215 2568 Et
232 2503 336 2566 scelus
351 2514 383 2566 et
398 2504 554 2586 lacrymas
569 2506 754 2585 rabiemque
770 2515 803 2566 et
817 2503 916 2566 caedis
931 2522 1084 2582 amorem,

168 2607 290 2671 Omnia
304 2610 378 2671 trita
392 2608 506 2672 simul:
531 2629 613 2691 qnae,
630 2607 787 2689 sanguine
804 2609 905 2670 tincta
918 2608 1049 2687 recenti,

168 2714 309 2777 Ooxerat
324 2733 386 2776 aere
402 2734 492 2794 cavo,
509 2714 603 2778 viridi
620 2724 745 2776 uersata
758 2711 873 2776 sicuti„
1142 2711 1204 2776 185

168 2817 321 2900 Dumque
337 2829 455 2901 pavent
473 2820 529 2898 illi,
545 2820 640 2882 vertit
656 2818 769 2882 furiale
785 2837 947 2882 venenum

168 2923 290 2986 Pectus
306 2925 340 2986 in
355 2924 532 3002 amborum,
550 2924 783 3006 praecordiaque
799 2924 914 2988 intima
928 2924 1041 2990 movit.

170 3027 273 3106 Tum,
288 3027 358 3091 face
371 3027 491 3108 jactati
507 3049 561 3110 per
576 3029 715 3092 eundern
731 3029 848 3110 saepius
864 3029 983 3110 orbem,

168 3133 385 3214 Consequitur
399 3136 495 3197 motis
510 3134 663 3197 velociter
679 3134 807 3215 ignibus
822 3135 922 3216 ignes.

169 3237 227 3302 sic
243 3238 360 3302 victrix
370 3237 513 3320 jussique
531 3251 642 3320 potens
656 3239 698 3300 ad
713 3240 823 3302 inania
837 3239 945 3320 magni
1142 3238 1204 3304 190

155 3317 288 3425 ”aqna
301 3343 382 3406 redit
397 3343 493 3421 Ditis,
509 3356 737 3425 sumptumque
749 3344 924 3425 recingitur
938 3363 1087 3425 anguem.

213 3447 364 3511 Protinus
380 3447 524 3512 AEolides
539 3449 647 3511 medii
661 3447 853 3511 furibundus
869 3448 903 3510 in
918 3448 992 3512 auli

166 3551 306 3632 Clamat,
325 3553 389 3634 ⁶10,
405 3554 551 3633 comites,
568 3554 618 3615 his
634 3553 712 3616 retia
727 3551 848 3615 tendite
865 3552 974 3616 silvis·
