2636 4178
324 253 469 306 aeram
491 250 538 306 or
558 245 743 306 omnim
762 251 810 304 ro
831 249 1029 304 meum.
1137 229 1200 294 1⁷1

205 412 295 476 Vidrt
311 421 345 474 et
361 410 393 474 in
411 409 544 494 speculo
559 405 710 492 conjugis
724 427 812 472 arma
826 408 897 471 sui·

160 519 227 584 Sed
243 515 322 600 quid
338 535 400 598 ego
417 517 487 578 lraec
503 513 628 579 refero?
651 513 804 578 scribenti
819 514 934 577 nuntia
949 513 1039 577 venit
1157 513 1201 576 85

206 625 319 700 Fama,
336 622 441 684 virum
459 619 577 684 tunicae
594 619 667 682 tabe
684 620 782 703 perire
798 638 891 688 meae.

164 729 231 794 Hei
245 727 343 790 mihi!
369 725 446 807 quid
463 724 549 789 fecii
596 719 675 794 Qud
688 744 742 788 me
757 723 845 789 furor
860 724 926 807 egit
941 724 1127 789 amantem?

210 833 319 914 Impia,
335 830 414 913 quid
429 831 568 909 dubitas,
584 830 745 910 Deianira,
761 829 868 894 morli

163 940 215 1003 An
232 949 306 1000 tuus
321 937 354 1000 in
369 936 478 999 media
491 933 612 1016 conjux
627 935 818 1000 lacerabitur
834 934 933 1017 OEti3

208 1042 275 1120 Tu,
290 1041 418 1104 sceleris
434 1041 516 1104 tanti
531 1053 638 1120 causa,
654 1053 814 1124 superstes
829 1042 913 1105 eris?
1159 1041 1202 1104 90

161 1147 207 1211 Et
222 1146 301 1228 quid
316 1145 421 1209 adhuc
438 1147 542 1210 habeo
558 1145 645 1227 facti,
661 1166 719 1211 cur
734 1147 885 1210 Herculis
901 1165 984 1210 uxor

206 1251 348 1316 Credat?
394 1249 547 1334 Gonjugii
562 1271 648 1315 mors
663 1272 736 1316 mea
751 1253 869 1336 pignus
883 1252 952 1316 erit.

161 1359 219 1424 'l'u
235 1357 361 1438 qudque
376 1376 553 1440 cognosces
568 1356 602 1421 in
617 1377 681 1436 me,
696 1357 867 1440 Meleagre,
883 1377 1032 1422 sororem.

209 1462 321 1545 Impia,
338 1462 416 1543 quid
430 1461 570 1539 dubitas,
587 1461 746 1542 Deianira,
763 1460 868 1525 mori?

167 1566 243 1632 Heu
257 1568 372 1631 devota
386 1568 522 1631 domus!
547 1567 628 1630 solio
644 1565 734 1630 sedet
744 1561 865 1649 'Agrios
880 1565 966 1646 alto;
1158 1565 1202 1630 95

212 1673 315 1735 OEnea
328 1672 490 1736 desertum
507 1672 594 1735 nuda
608 1681 737 1734 senecta
753 1671 866 1753 premit
879 1691 888 1752 ς
912 1743 915 1750 ⁴

167 1777 303 1844 Exsulat
320 1777 438 1860 ignotis
455 1775 593 1859 Tydeus
608 1795 781 1859 germanus
795 1776 830 1840 in
845 1776 908 1840 oris
918 1777 939 1857 ς’

207 1883 297 1947 Alter
312 1883 401 1946 fatali
417 1883 512 1945 vivus
528 1882 562 1946 in
577 1882 653 1964 igne
669 1880 750 1963 fuit3

163 1987 285 2070 Exegit
303 1987 420 2053 ferrum
435 2007 494 2050 sua
510 2008 565 2070 per
580 1988 753 2070 praecordia
767 1999 878 2051 mater.

207 2095 321 2177 Impia,
337 2093 414 2175 quid
429 2093 567 2174 dubitas,
586 2093 747 2173 Deianira,
764 2093 870 2157 mori?

165 2200 326 2282 Deprecor
341 2201 402 2262 hoo
419 2219 521 2262 unum
538 2220 592 2282 per
603 2197 676 2278 jura
691 2198 859 2264 sacerrima
874 2199 960 2279 lecti,

207 2304 256 2367 Ne
271 2303 381 2368 videar
395 2301 470 2367 fatis
486 2303 634 2367 insidiata
649 2303 723 2367 tuis.

161 2409 284 2476 Nessus
299 2418 334 2472 ut
350 2420 398 2472 est
413 2409 546 2472 avidum
564 2427 731 2490 percussus
746 2407 901 2472 arundine
918 2418 1041 2491 pectus,

210 2515 317 2593 ‘Hic,'
333 2513 426 2592 dixit,
445 2513 549 2576 ‘vires
564 2512 697 2594 sanguis
711 2514 829 2576 amoris
845 2513 964 2577 habet!

164 2618 253 2684 Illita
267 2618 388 2682 Nesseo
405 2617 478 2682 misi
493 2618 554 2680 tibi
570 2628 659 2680 texta
673 2636 810 2680 veneno.
1141 2618 1204 2683 105

209 2725 323 2807 Impia,
340 2723 417 2805 quid
432 2723 570 2801 dubitas,
588 2721 749 2800 Deianira,
766 2723 872 2785 morii

159 2829 301 2910 Jamque
316 2829 399 2908 vale,
416 2829 584 2909 seniorque
603 2839 690 2910 pater
705 2847 920 2909 germanaque
936 2827 1044 2911 Gorge

211 2935 255 2998 Et
272 2935 372 3018 patria
385 2946 418 2996 et
435 2932 545 3016 patriae
560 2932 655 2996 frater
669 2933 819 3016 adempte
836 2943 921 3015 tuae;

167 3038 212 3104 Et
227 3050 275 3120 tu,
289 3040 347 3102 lux
363 3037 465 3102 oeulis
480 3037 637 3118 hodierna
650 3039 827 3103 novissima
842 3039 968 3120 nostris,

210 3143 339 3227 Virque,
356 3142 430 3228 (sed
445 3164 465 3205 ο
482 3144 582 3228 possis
593 3145 619 3232 l)
633 3155 667 3208 et
683 3165 761 3228 puer
777 3144 890 3228 Hylle,
905 3143 990 3210 vale.
1142 3143 1206 3210 110
