2636 4178
566 277 665 328 BOOK
691 277 766 327 XIV.

157 441 239 518 Atra
254 435 365 498 favilla
380 433 476 513 volat,
494 434 730 516 glomerataque
747 453 861 516 corpus
877 435 909 496 in
926 455 1028 501 unum

158 544 330 620 Densatur‚
347 538 527 620 faciemque
543 539 637 622 capit,
655 539 816 620 sumitque
833 538 972 605 calorem
1004 565 1006 570 ’

160 650 264 728 Atque
280 646 422 708 animam
437 664 479 706 ex
495 644 572 726 igni.
620 644 751 706 Levitas
767 664 825 706 sua
841 645 976 726 praebuit
992 646 1078 728 alas;

163 753 207 814 Et
223 750 321 833 primo
338 749 452 813 similis
467 747 601 827 volucri,
618 767 695 811 mox
712 769 786 811 vera
800 749 940 812 volucris

163 856 307 920 Insonnit
323 855 439 936 pennis
452 843 466 934 ;¹
484 854 597 936 pariter
612 853 749 916 sonuere,
762 873 883 918 sorores
1132 858 1197 922 605

162 962 353 1038 Innumerae,
369 960 486 1039 quibus
501 968 550 1021 est
565 958 679 1022 eadem
697 957 813 1022 natalis
828 961 927 1042 origo.

161 1059 291 1146 'Perque
307 1083 421 1146 rogum
437 1064 582 1142 lustrant,
599 1073 631 1126 et
646 1082 808 1142 consonus
823 1065 891 1127 exit
907 1067 941 1130 in
956 1085 1050 1130 auras

159 1170 227 1234 Ter
242 1164 387 1251 clangor,-
400 1179 511 1249 quarto
526 1168 686 1232 seducunt
701 1181 804 1232 castra
818 1170 937 1234 volatu.

156 1277 250 1339 'l'um
266 1274 332 1336 duo
348 1274 473 1336 diversi
487 1273 596 1357 populi
611 1274 651 1336 de
668 1286 754 1356 parte
771 1273 894 1338 seroces

158 1381 251 1442 Bella
266 1390 390 1461 gerunt,
407 1379 576 1459 rostrisque
592 1389 624 1442 et
640 1379 775 1441 aduncis
790 1380 954 1460 unguibus
970 1382 1032 1443 iras
1130 1383 1195 1445 610

164 1485 336 1562 Exercent,
352 1483 480 1563 alasque
496 1483 690 1564 adversaque
707 1493 837 1568 pectora
851 1484 979 1563 lassant,

164 1587 348 1669 Inieriaeque
364 1589 483 1651 cadunt
499 1586 599 1651 cineri
614 1600 752 1668 cognata
767 1587 893 1669 sepulto

164 1695 308 1775 Corpora,
325 1713 422 1774 seque
438 1694 507 1756 viro
523 1692 599 1756 forti
616 1692 789 1760 meminere
805 1702 935 1756 creatas.

204 1799 401 1882 Praepetibns
417 1799 532 1862 subitis
547 1817 667 1861 nomen
683 1795 759 1860 facit
769 1809 904 1896 'auctor5
928 1798 968 1861 ab
985 1797 1048 1861 illo

158 1904 382 1967 Memnonides
397 1904 502 1966 dictae.
549 1903 632 1986 Ciam
648 1903 695 1966 sol
711 1903 861 1966 duodena
876 1903 998 1986 peregit
1130 1905 1196 1969 615

158 2009 270 2091 Signa,
290 2009 440 2091 parentali
456 2008 617 2072 moriture
634 2029 721 2072 more
737 2007 901 2071 rebellant.

159 2115 245 2196 Ergo
261 2115 333 2177 aliis
348 2113 477 2178 latrisse
493 2114 693 2196 Dymantida
707 2113 813 2177 flebile
830 2115 958 2195 visum3

159 2218 315 2282 Luctibus
331 2230 378 2282 est
393 2222 516 2282 Aurora
530 2219 597 2282 suis
613 2220 744 2298 intenta,
762 2220 892 2301 piasque
984 2249 985 2256 ¹

156 2322 253 2401 Nune
269 2324 393 2405 qubque
409 2324 464 2387 dat
479 2323 647 2406 lacrymae,
663 2333 697 2386 et
711 2334 780 2387 toto
794 2335 878 2386 rorat
895 2324 929 2386 in
945 2323 1031 2388 orbe.

507 2635 837 2650 m

523 2877 674 2947 aoorr
712 2852 828 2961 xry‘.

379 3109 590 3152 summunt·
613 3109 652 3153 01·
676 3110 786 3154 ENEAS
809 3109 845 3152 IN
860 3074 972 3152 uranu.

608 3266 637 3308 v.
664 3244 738 3309 445.

157 3362 303 3429 Solvitur
318 3365 454 3428 herboso
469 3363 621 3448 religatus
636 3367 678 3431 ab
693 3387 809 3450 aggere
825 3320 921 3446 funis,

157 3469 202 3533 Et
219 3470 330 3552 procul
346 3469 478 3534 insidias
495 3471 721 3554 insamataeque
737 3472 923 3552 relinquunt

156 3575 359 3653 Tauridem,
376 3575 530 3658 lucosque
547 3589 670 3660 petunt,
686 3576 744 3641 ubi
759 3577 889 3640 nubilus
905 3576 1023 3644 umbra

155 3680 198 3746 lu
213 3701 299 3746 mare
315 3701 390 3747 cum
406 3679 492 3746 flavi
505 3683 681 3768 prorumpit
698 3682 810 3747 Tibris
824 3682 929 3763 mena,

473 3787 512 3849 13
524 3787 544 3827 *
