2636 4178
583 285 683 339 Boon
706 287 782 338 VIII.

158 449 198 512 In
214 445 340 529 superis
356 444 426 526 opis
441 464 509 506 esse
526 442 618 506 nihil.
665 443 708 506 At
724 443 757 505 in
773 441 898 507 aedibus
913 443 1027 525 iugens

161 553 309 616 Murmur
324 563 402 626 erat,
422 569 579 628 vocesque
597 548 767 610 hominum
784 549 937 611 exaudire
953 548 1085 612 videbar

166 657 236 719 Jam
251 655 333 716 milri
349 655 506 716 desuetas.
555 654 643 715 Dum
659 653 800 734 suspicor
817 653 874 716 has
889 653 1015 734 qubque
1031 653 1146 732 somni,

170 759 253 822 Eece
268 761 356 822 venit
375 759 537 821 Telamon
553 775 712 840 properus,
729 755 913 838 foribusque
928 759 1068 837 reclusis,
1134 759 1200 822 265

171 866 325 946 “Speque
343 863 478 944 fideque,
496 864 616 944 pater,’'
633 861 725 939 dixit,
743 859 895 941 “majora
909 863 1043 926 videbis.

167 969 358 1051 Egredere.”
405 967 571 1050 Egredior,
589 965 762 1047 qualesque
778 966 812 1030 in
828 968 967 1050 imagine
983 967 1099 1048 somni·

164 1075 259 1138 Visus
274 1093 362 1136 eram
378 1073 495 1134 vidisse
513 1072 606 1150 viros,
622 1090 664 1133 ex
680 1071 790 1134 ordine
806 1071 885 1136 tales

158 1179 326 1262 Adspicio,
342 1196 553 1259 agnoscoque.
601 1176 742 1254 Adeunt,
758 1196 930 1258 regemque
946 1177 1097 1242 salutant.

158 1283 245 1346 Vota
260 1282 335 1345 Jovi
352 1282 452 1360 solvo,
470 1280 657 1364 populisque
673 1281 855 1345 recentibus
871 1283 984 1348 urbem
1132 1285 1198 1348 270

162 1388 295 1464 Partior,
312 1398 343 1449 et
361 1407 479 1450 vacuos
495 1387 605 1468 priscis
620 1385 799 1449 cultoribus
813 1406 917 1468 agros,

166 1486 445 1573 Myrmidonasque
463 1511 553 1570 roeo,
571 1510 630 1553 nee
647 1490 769 1572 origine
786 1491 918 1553 nomina
933 1490 1056 1555 fraudo.

169 1597 309 1678 Corpora
322 1597 446 1674 vidisti;
471 1615 584 1674 mores,
602 1615 683 1676 quos
697 1600 773 1658 ante
790 1596 954 1676 gerebant,

167 1699 263 1764 Nune
279 1701 400 1783 qudque
417 1701 557 1786 habent3
582 1719 712 1782 parcum
728 1718 831 1780 genus
844 1711 892 1764 est
908 1701 1095 1784 patiensque
1111 1700 1199 1763 labo-

338 1827 420 1882 rum,
644 1832 647 1839 ·

158 1911 367 1992 Quaesitique
383 1923 491 1991 tenax,
508 1922 540 1973 et
557 1907 644 1989 qnod
659 1912 794 1991 quesita
809 1913 969 1974 reservet!
1133 1912 1200 1976 275

500 2190 852 2203 Ἥ

524 2398 674 2464 BOOK
713 2398 837 2462 VIII.

410 2601 421 2612 “
483 2611 636 2654 emortus
661 2610 725 2652 run
750 2607 875 2651 rennos.

610 2767 639 2808 v.
670 2744 740 2807 183.

158 2864 314 2928 Daedalus
329 2866 451 2928 interea
465 2868 583 2929 Creten
599 2866 797 2949 longumque
813 2885 949 2948 perosus·

159 2969 333 3048 Exsilium,
350 2981 517 3051 tactusque
534 2971 593 3034 soli
609 2971 725 3034 natalis
739 2990 857 3050 amoro,

157 3073 295 3136 Clausus
311 3085 376 3137 erat
392 3075 515 3157 pelago.
564 3077 701 3139 ‘Terras
717 3075 815 3156 lieet,'
832 3075 947 3156 iuquit,
966 3082 1016 3139 ‘et
1032 3073 1135 3139 undas

158 3177 321 3256 obstruat,
337 3191 370 3240 at
385 3180 504 3243 coelum
520 3181 605 3244 certe
622 3192 728 3262 patet:
753 3182 873 3243 ibimus
888 3181 971 3244 illae.

157 3281 277 3345 Omnia
293 3284 463 3365 possideat,
481 3304 545 3347 non
564 3285 703 3367 possidet
718 3288 791 3348 adra
807 3285 935 3348 Minos)
1174 3284 1195 3346 t

202 3387 306 3465 Dixit,
323 3399 356 3450 et
372 3389 497 3470 ignotas
512 3391 655 3453 animum
672 3390 806 3454 dimittit
823 3391 963 3468 inertes,

154 3491 381 3572 Naturamque
392 3505 500 3556 novat.
548 3493 630 3558 Nam
649 3497 736 3578 penit
753 3496 786 3556 in
802 3494 912 3556 ordine
929 3512 1060 3577 pennas,

154 3599 185 3660 A
201 3598 339 3660 minimi
354 3609 484 3681 ereptas,
501 3599 631 3682 longam
646 3600 790 3663 breviore
807 3610 979 3679 sequente:

156 3703 202 3766 Ut
218 3702 304 3765 clivo
319 3705 456 3768 crevisse
472 3715 573 3787 putes
622 3705 677 3768 Sic
693 3704 811 3767 rustica
825 3705 986 3785 quondarri
