2646 4176
620 293 720 344 soon
741 293 777 344 11.
1177 269 1218 334 ³1

175 451 340 532 Deprecor
356 449 419 511 hoe
436 467 554 528 unum,
565 448 652 530 quod
667 469 743 513 vero
759 450 890 514 nomine
907 469 1011 533 poena,

180 555 250 620 Non
267 557 372 618 honor
387 564 445 616 est.
493 554 637 633 Poenam,
655 555 835 636 Phaethon,
851 575 907 637 pro
923 573 1055 619 munere
1071 553 1185 638 poscis.

184 661 273 730 Quid
289 681 363 722 mea
378 659 463 722 colla
479 670 569 722 tenes
584 659 720 738 blandis,
737 660 857 741 ignare,
874 661 1023 724 lacertis?

182 765 228 829 Ne
239 753 366 842 dubita,
382 764 520 844 dabitur,
537 764 687 847 (Stygias
700 763 880 844 juravimus
895 766 1014 853 undas)
1158 767 1220 832 100

180 869 406 950 Quodcumque
428 871 565 952 optaris3
589 871 643 934 sed
662 881 696 934 tu
713 871 886 954 sapientius
902 874 998 955 opta'

223 974 371 1038 Finierat
387 975 538 1038 monitus.
587 975 693 1039 Dictis
709 986 819 1039 tamen
836 977 889 1039 ille
906 987 1072 1060 repugnat,

176 1079 445 1162 Propositumque
462 1082 586 1163 premit,
602 1081 776 1163 flagratque
792 1082 943 1165 cupidine
959 1083 1077 1147 curnis.

176 1185 278 1267 Ergo,
295 1185 360 1266 qud
374 1185 464 1247 licuit
480 1186 607 1268 genitor
621 1197 802 1268 cunctatus,
819 1187 859 1250 ad
874 1189 956 1252 altos

175 1291 321 1354 Deducit
333 1288 499 1370 juvenem,
517 1290 673 1354 Vulcania
688 1311 830 1373 munera,
847 1313 968 1360 curma.
1148 1294 1221 1356 ,lus

181 1397 305 1458 Aureus
320 1395 391 1458 axis
406 1407 482 1475 erat,
499 1408 586 1459 terno
601 1415 727 1476 aureus,
745 1419 840 1462 aurea
855 1419 991 1462 summae

186 1502 360 1564 Curvatura
375 1513 463 1580 rotae,
481 1501 641 1566 radiorum
657 1514 828 1584 argenteus
845 1504 944 1583 ordo;

189 1605 251 1667 Per
262 1603 335 1687 juga
347 1607 540 1688 chrysolithi
555 1607 731 1688 positaeque
748 1627 791 1670 ex
806 1607 917 1669 ordine
934 1627 1072 1689 gemmae

188 1711 279 1774 Ciam
293 1726 472 1794 repercusso
487 1711 664 1774 reddebant
679 1711 803 1776 lumina
820 1712 953 1775 Phoebo.

182 1817 332 1896 Dumque
347 1837 387 1878 ea
401 1819 629 1898 magnanimus
644 1817 815 1882 Phaethon
831 1820 973 1898 miratur,
990 1837 1132 1902 opusque
1159 1819 1221 1884 110

177 1921 344 2004 Perspicit,
362 1941 438 1985 ecce
454 1922 535 2004 vigil
551 1921 654 1986 nitido
670 1923 822 2006 patefecit
838 1924 880 1986 ab
896 1935 968 1988 ortu

150 2073 153 2079 -
175 2029 357 2110 Purpureas
373 2030 495 2090 Aurora
509 2027 593 2090 fores
608 2039 641 2091 et
657 2029 752 2112 plena
766 2049 909 2093 rosarum

175 2135 278 2196 Atria.
326 2133 511 2215 Diffugiunt
528 2134 640 2214 stellae,
656 2154 792 2215 quarum
807 2138 938 2218 agmina
957 2136 1045 2218 cogit

175 2237 320 2318 Lucifer,
336 2250 368 2302 et
383 2239 458 2302 coeli
472 2240 607 2302 statione
624 2241 818 2304 novissimus
834 2241 947 2304 exind

188 2335 217 2396 4
222 2348 267 2408 At
284 2355 371 2426 pater
386 2354 422 2406 ut
439 2355 536 2408 terras
551 2345 773 2426 mundumque
789 2348 957 2409 rubescere
973 2346 1064 2424 vidit,
1158 2342 1221 2406 115

176 2451 372 2530 Cornuaque
388 2462 540 2513 extremm
556 2449 646 2514 velut
663 2471 854 2514 evanescere
870 2451 968 2529 lunae,

175 2556 193 2620 J
198 2575 320 2637 ungere
335 2574 436 2636 equos
453 2556 555 2618 Titan
570 2555 737 2618 velocibus
753 2557 886 2636 imperat
904 2555 1012 2617 Horis.

175 2662 274 2726 Jussa
288 2660 360 2722 deae
375 2661 494 2724 celeres
509 2670 677 2743 peragunt,
694 2659 867 2740 ignemque
885 2671 1063 2739 vomentes,

175 2766 359 2829 Ambrosia
374 2785 472 2829 succo
488 2776 621 2845 saturos,
639 2765 834 2848 praesepibus
849 2764 923 2827 altis

176 2869 416 2952 Quadrupedes
430 2871 566 2951 ducunt,
582 2871 770 2953 adduntque
787 2871 936 2934 sonantia
951 2869 1050 2932 frena.
1157 2871 1220 2935 120

222 2975 317 3040 Tum
332 2987 420 3058 pater
436 2997 492 3040 ora
505 2977 557 3040 sui
572 2995 661 3042 sacro
677 2977 891 3041 medicamine
908 2976 977 3039 nati

174 3079 334 3164 Contigit,
350 3092 383 3144 at
399 3081 517 3166 rapidae
533 3081 610 3146 fecit
626 3082 780 3165 patientia
795 3081 945 3161 flamma,

175 3183 399 3269 Imposuitque
415 3207 519 3252 comae
534 3187 648 3268 radios,
666 3207 870 3270 praesagaque
886 3187 992 3252 luctus

174 3287 312 3356 Pectore
328 3291 467 3356 sollicito
483 3304 633 3376 repetens
646 3294 780 3376 suspiria
795 3293 897 3356 dixit:

175 3397 236 3462 ‘Si
252 3409 344 3480 potes
361 3398 411 3462 his
426 3397 541 3462 saltem
556 3398 689 3464 monitis
704 3417 810 3481 parere
826 3397 985 3480 parentis;
1158 3396 1220 3459 125

174 3502 288 3580 Parce,
304 3521 392 3585 puer,
409 3503 559 3584 stimulis,
575 3515 607 3567 et
624 3502 737 3567 fortius
752 3514 841 3568 utere
857 3503 940 3566 loris.

174 3607 303 3690 Sponte
319 3608 378 3672 suh
394 3621 580 3692 properant3
605 3609 694 3672 labor
708 3619 757 3672 est
773 3607 920 3672 inhibere
935 3605 1092 3670 volantes.
1125 3679 1126 3684 γ

172 3709 246 3778 Nec
263 3711 323 3777 tibi
337 3713 478 3778 directos
494 3714 617 3798 placeat
634 3715 687 3778 via
701 3713 844 3796 quinque
859 3731 914 3796 per
928 3728 1030 3774 arcus.
