2646 4176
590 303 691 359 ³001<
711 305 734 358 Ι.

144 462 195 524 Et
208 472 334 525 terrena
346 459 421 540 fuit,
437 479 530 524 uersa
543 469 592 523 eet
607 459 644 523 in
657 459 798 542 eorporis
813 478 929 525 usum:

149 565 251 635 Quod
264 565 404 644 solidum
419 575 478 645 eet,
494 565 644 648 flectique
660 566 783 647 nequit,
799 575 943 630 mutatur
957 564 993 628 in
1008 583 1099 629 ossae

152 671 236 739 Quae
250 670 349 734 modd
363 689 449 733 vena
463 669 536 766 fuit,
552 671 612 732 sub
628 655 744 733 eodem
760 669 891 733 nomine
907 671 1035 734 mansit.
1123 667 1189 732 rto

151 776 250 858 Inque
266 773 358 838 brevi
373 776 476 856 spatio
492 759 678 857 superorum
694 774 832 837 numine
846 795 924 837 saxa

148 881 247 943 Missa
261 880 324 943 viri
339 879 489 944 manibus
504 877 622 944 faciem
637 879 762 946 traxere
779 875 930 959 virorum,

146 978 191 1050 Et
207 984 249 1047 de
265 984 407 1048 femineo
422 971 566 1066 reparate
579 994 628 1049 est
643 981 790 1048 femina
777 996 876 1064 Jectu'.

145 1090 228 1155 Inde
245 1109 350 1172 genus
364 1089 481 1154 durum
496 1109 609 1154 eumue
624 1089 855 1172 experiensque
871 1089 1029 1180 laborum,

145 1197 191 1260 Et
207 1195 405 1260 documenta
418 1193 542 1275 damus,
559 1194 623 1276 qui
637 1191 739 1258 simus
754 1195 877 1279 origine
893 1195 971 1260 nati.
1123 1189 1190 1256 415

544 1489 547 1496 .
602 1452 743 1500 annau.
781 1472 786 1477 ·
854 1497 859 1502 .

158 1611 275 1675 Cetera
288 1610 413 1678 diversis
428 1613 524 1676 tellus
539 1613 693 1677 animalia
708 1611 819 1676 formis

152 1716 278 1799 Sponte
292 1718 352 1782 eud
362 1720 483 1802 peperit
484 1765 716 1782 .....
1009 1793 1014 1797 ,

147 1821 263 1885 Edidit
279 1823 463 1890 innumeras
478 1824 611 1906 species,
628 1825 806 1907 partimque
823 1821 943 1906 figurae
1003 1819 1005 1826 ’

148 1926 451 2010 Retulit‘antiquas,
467 1930 583 2011 partim
599 1949 684 1993 nova
698 1939 842 2012 monstra
855 1911 988 1992 creabit.

149 2031 208 2094 Illa
223 2033 357 2112 quidem
373 2029 559 2123 nolletJ-sed
574 2045 605 2097 te
621 2034 758 2114 qudque,
775 2025 917 2098 maxime
932 2031 1078 2116 Python,
1124 2023 1190 2095 tw

150 2135 242 2200 Tum
257 2139 380 2220 genuit,
398 2121 587 2222 popul-isque
603 2141 706 2220 trevie,
724 2141 888 2222 incognite
905 2157 1045 2222 serpeus,

148 2243 270 2306 'I'error
284 2263 372 2323 eras,
396 2253 524 2308 tentum
538 2245 633 2326 spatii
647 2244 688 2308 de
703 2255 815 2334 monte
831 2237 988 2307 tenebae(
1168 2231 1172 2239 “

146 2347 249 2410 Hunc
265 2347 347 2410 deus
360 2347 550 2429 arcitenens,
565 2356 598 2412 et
614 2351 781 2431 nunquam
797 2350 915 2412 talibus
929 2345 1027 2412 armis

151 2451 235 2514 Ante
251 2453 314 2516 uisi
329 2453 363 2517 in
378 2452 484 2543 damis
498 2455 682 2536 capreisque
697 2453 868 2534 fugacibus
883 2471 972 2532 usus,

151 2556 240 2620 Mille
257 2577 389 2639 gravem
404 2557 484 2636 telis,
499 2557 660 2622 exhausta
674 2576 766 2640 pene
782 2555 941 2639 pharetra,
1124 2549 1190 2616 425

149 2661 304 2742 Perdidit,
320 2663 424 2729 effuso
440 2683 494 2746 per
509 2661 644 2727 vulnera
659 2662 750 2744 nigra
764 2658 901 2725 veneno'.

148 2767 241 2830 Neve
258 2769 361 2850 operis
376 2767 497 2832 famem
513 2777 621 2851 posset
636 2768 742 2831 delere
757 2776 911 2848 vetustas,

148 2872 297 2936 Instituit
313 2893 419 2936 sacros
433 2873 553 2959 celebri
568 2874 743 2938 certamine
758 2871 864 2952 ludos,

147 2976 272 3058 Pythia
287 2977 456 3059 perdomiti
470 2971 627 3074 serpentis
642 2977 773 3042 nomine
789 2967 903 3042 dictos.

148 3079 240 3144 His
226 3101 387 3161 Juvenum
403 3082 586 3163 quicunque
603 3101 703 3146 manu
717 3071 894 3165 pedibusve
910 3080 1020 3144 rottve
1125 3075 1192 3142 430

147 3187 287 3264 Vicerat,
304 3187 451 3252 aesculeae
467 3187 614 3269 capiebat
628 3185 750 3251 frondis
765 3189 931 3250 honorem.

146 3290 304 3354 Nondum
319 3291 427 3374 laurus
442 3301 518 3370 erat,
535 3291 696 3373 tongoque
711 3291 861 3355 decentia
875 3292 962 3354 crine

142 3393 317 3480 mpura
331 3397 483 3480 cingebat
498 3396 538 3460 de
554 3395 695 3478 quilibet
710 3398 820 3460 arbore
837 3393 989 3458 Phoebus.
