2636 4178
119 237 183 304 158
405 258 523 311 ovms
545 257 867 310 rmnnomnosas.

116 411 184 478 Nec
199 433 259 479 sua
272 413 444 478 credulitas
459 413 580 497 piscem
595 411 803 496 suspenderat
823 414 933 492 hamc,

116 520 244 584 Cuncta
257 519 327 584 sine
343 511 481 599 insidiis,
494 517 680 599 nullamque
696 519 845 582 timentia
861 518 1015 599 fraudem,

120 623 278 706 Plenaque
295 625 382 708 pacis
397 633 496 688 erant.
542 623 718 704 Postquam
733 642 799 686 non
815 623 905 687 utilis
919 635 1031 690 auctor

91 799 97 814 ⁸
119 729 266 794 Victibus
281 729 408 810 invidit,
425 727 584 812 (quisquis
598 726 661 794 fuit
677 727 748 814 ille)
762 727 907 810 deorum,
1113 729 1160 794 ts

116 835 353 917 corporeasque
369 832 469 918 dapes
483 831 613 900 avidam
627 831 780 897 demersit
797 834 831 908 in
846 834 979 914 alvum3

116 937 211 1002 Fecit
228 940 287 1002 iter
301 938 422 1019 sceleri,
439 937 603 1022 primisque
618 959 637 1002 a
652 936 741 1002 cade
756 937 895 1002 serarum

117 1044 292 1108 incaluisse
309 1054 401 1127 putes
420 1042 618 1108 maculatum
633 1043 791 1126 sanguine
806 1040 944 1107 ferrum:

117 1149 218 1231 quue
234 1149 310 1212 satis
324 1147 438 1230 fuerat,
454 1157 662 1228 nostrumque
678 1148 821 1231 petentia
834 1147 937 1212 latum
1007 1197 1010 1206 r

117 1254 256 1336 Corpora
271 1252 369 1318 missa
383 1253 457 1318 neci
471 1252 562 1317 salva
577 1253 695 1336 pietate
709 1251 870 1317 fatemur:
1112 1255 1157 1320 50

118 1358 185 1422 Sed
201 1359 298 1440 quam
313 1357 420 1424 danda
434 1358 516 1439 neci,
533 1369 600 1422 tam
616 1373 683 1421 non
698 1357 859 1442 epulanda
872 1356 1014 1422 fuerunt.

117 1463 261 1548 Longius
279 1464 353 1529 inda
369 1463 461 1530 nefas
474 1463 565 1542 abiit,
581 1473 615 1527 et
631 1464 732 1547 prima
746 1473 876 1547 putatur

117 1569 238 1637 Hostia
252 1589 307 1634 sus
321 1568 476 1636 meruisse
492 1568 584 1649 mori,
600 1570 676 1651 quia
690 1568 815 1632 semina
829 1567 936 1652 pando

119 1674 246 1746 Eruarit
262 1685 373 1753 rostro,
390 1693 543 1759 spemque
560 1674 762 1758 interceperit
777 1675 875 1754 anni3

117 1779 191 1844 Vita
207 1800 301 1864 caper
316 1781 422 1865 morsi
436 1779 558 1844 Bacchi
572 1777 764 1843 mactandus
776 1779 819 1842 ad
835 1798 904 1844 aras
1109 1782 1157 1844 65

118 1885 255 1950 Ducitur
270 1883 400 1952 ultoris:
423 1885 536 1950 nocuit
551 1903 610 1948 sua
624 1881 722 1968 culpa
734 1883 880 1964 duobus;

117 1988 210 2060 Quid
220 1987 396 2069 inaruistis,
410 2007 500 2068 ovas,
517 1987 679 2072 placidum
695 2008 794 2072 pecus
809 1990 903 2070 inque
918 1987 1054 2052 tuendos

117 2095 236 2158 Natum
252 2092 410 2172 homines,
427 2092 521 2176 plano
537 2111 609 2173 quae
625 2091 715 2157 fertis
731 2094 764 2158 in
781 2095 878 2158 ubera
892 2103 1011 2172 nectar,

53 2193 55 2198 ’
118 2196 231 2262 Mollia
245 2216 319 2279 quaa
334 2197 428 2260 nobis
442 2209 564 2262 vestras
579 2197 743 2262 velamina
757 2198 848 2263 lanas

117 2301 281 2384 Praebetis,
296 2302 429 2384 vitaque
441 2301 549 2385 magis
573 2303 670 2384 qudm
686 2314 787 2368 morte
799 2302 946 2385 juvatis?
1110 2303 1153 2366 60

118 2407 208 2476 ttuid
225 2408 367 2472 meruere
385 2408 493 2488 boves,
509 2408 630 2472 animal
645 2409 714 2472 sina
730 2407 841 2474 fraude
857 2408 1014 2491 dolisque,

118 2515 310 2594 innocuum,
326 2512 476 2597 simplex,
491 2525 604 2577 natum
619 2513 753 2578 tolerare
769 2513 919 2578 laboras?

118 2619 292 2684 lmmemor
306 2629 355 2683 ast
371 2617 504 2683 demum
519 2639 579 2683 nac
595 2618 725 2702 frugum
745 2638 878 2683 munera
893 2619 1021 2703 dignus,

117 2723 189 2792 Qui
205 2725 318 2806 potuit,
335 2724 426 2787 curvi
441 2723 574 2807 dempto
591 2723 687 2788 madri
703 2721 843 2808 pondere
858 2725 962 2804 aratri,

117 2827 304 2892 Ruricolam
319 2839 463 2892 mactare·
474 2845 581 2909 suum,
596 2830 653 2910 qui
668 2830 742 2892 trita
755 2829 864 2894 labore
1112 2828 1158 2893 66

118 2932 187 3013 llla,
203 2933 321 3013 quibus
337 2932 432 2996 toties
446 2932 564 2997 durum
578 2945 787 2998 renovaverat
801 2953 925 3015 arvum,

118 3037 187 3102 Tot
202 3037 331 3102 dederat
345 3055 476 3116 messes,
492 3039 647 3120 percussit
662 3038 747 3103 colla
760 3041 873 3104 securi.

162 3141 229 3208 Nec
245 3143 322 3208 satis
337 3154 396 3223 est,
413 3141 499 3225 qudd
514 3141 577 3207 tale
593 3142 684 3207 nefas
698 3145 934 3209 committitur:
957 3143 1043 3228 ipsos

118 3250 307 3332 Inscripsere
322 3248 401 3314 deos
416 3248 538 3327 sceleri,
554 3265 739 3332 numenque
755 3267 930 3333 supernum
1050 3293 1054 3298 -

117 3351 215 3420 Caede
230 3353 389 3418 laboriferi
405 3351 539 3419 credunt
553 3353 693 3436 gaudere
705 3352 849 3436 juvenci.
1105 3351 1165 3419 -tu

117 3459 258 3524 Victima
276 3458 347 3523 laba
362 3479 474 3525 carens
489 3470 522 3524 et
538 3459 799 3544 praestantissima
812 3458 926 3540 forma,

118 3565 217 3649 (Nam
232 3564 390 3656 placuisse
406 3569 517 3652 nocet)
532 3564 625 3630 vittis
639 3565 806 3649 praesignis
820 3576 854 3630 et
869 3584 957 3646 auro,

119 3669 252 3734 Sistitur
266 3679 341 3732 ante
356 3687 436 3748 aras,
451 3667 606 3752 auditque
621 3671 734 3753 ignara
747 3682 944 3755 precantem,
