2646 4176
631 267 731 318 noos
751 269 785 324 v.
1180 253 1223 318 65

177 421 294 488 Narrat
309 421 511 505 Agenorides
526 422 633 504 gelido
649 423 710 486 sub
726 423 857 488 Atlante
869 422 1034 505 jacentem
1158 430 1223 493 395

181 529 262 592 Esse
277 528 389 592 locum
405 526 517 590 solida
533 537 640 592 tutum
655 529 835 592 munimine
850 530 946 594 molis
955 551 965 612 3

186 632 285 713 Cujus
300 634 332 696 in
351 633 484 696 introitu
498 633 645 714 geminas
660 633 821 698 habitasse
837 653 959 724 sorores

187 738 367 817 Phorcidas,
386 739 483 801 unius
498 739 625 801 sortitas
641 738 773 802 luminis
789 759 902 804 usum:

186 843 225 908 ld
237 863 269 906 se
284 843 394 906 solerti
409 842 531 922 furtim,
547 842 627 907 dum
644 843 785 924 traditur,
802 855 874 909 astu

185 948 358 1032 supposita
372 947 495 1030 cepisse
512 968 632 1028 manu3
657 968 774 1031 perque
790 949 901 1013 abdita
914 951 1011 1036 longe
1156 952 1221 1018 400

180 1053 349 1134 Deviaque
365 1064 398 1115 et
414 1052 504 1116 silvis
519 1053 680 1117 horrentia
694 1073 772 1116 saxa
786 1052 921 1137 fragosis

176 1159 369 1240 Gorgoneas
385 1158 527 1240 tetigisse
544 1143 667 1237 domos,
683 1159 866 1242 passimque
882 1181 937 1244 per
951 1181 1044 1244 agros

176 1264 304 1344 Perque
320 1263 390 1326 vias
406 1262 522 1326 vidisse
537 1265 708 1342 hominum
724 1265 895 1329 simulacra
909 1264 1113 1350 ferarumque

179 1370 222 1431 lu
238 1368 362 1431 silicem
378 1388 419 1430 ex
435 1367 512 1450 ipsis
527 1367 598 1432 visit
612 1388 766 1432 conversa
781 1370 936 1436 Medusa:

187 1472 232 1534 Se
246 1485 350 1534 tamen
367 1473 532 1537 horrendae
547 1473 667 1556 clypei,
684 1473 771 1554 quod
787 1474 870 1538 laeva
886 1477 1026 1557 gerebat,
1154 1477 1221 1540 405

189 1576 265 1639 AEre
281 1597 454 1659 repercusso
469 1576 607 1641 formam
622 1578 806 1660 adspexisse
822 1578 977 1660 Medusae,

188 1682 337 1762 Dumque
350 1684 456 1764 gravis
472 1704 604 1746 somnus
620 1682 831 1764 colubrasque
847 1685 1013 1767 ipsamque
1029 1685 1170 1770 tenebat,

182 1787 345 1870 Eripuisse
360 1799 457 1871 caput
473 1789 577 1869 collo,
601 1789 777 1871 pennisque
794 1787 946 1872 fugacem

177 1890 328 1974 Pegason
343 1906 376 1957 et
391 1892 530 1974 fratrem,
546 1895 656 1958 matris
671 1895 712 1958 de
728 1896 885 1978 sauguine
900 1909 1004 1962 natos.

522 2207 871 2224 *uu—

580 2449 730 2515 BOOK
768 2449 815 2514 V.

407 2682 428 2723 A
449 2681 580 2724 muna
603 2680 749 2723 nemun
771 2679 814 2724 a!
835 2677 988 2723 ramus.

651 2850 681 2892 v.
711 2829 737 2890 l.

176 2943 330 3026 Dumque
346 2967 385 3010 ea
399 2948 590 3031 Cephenum
607 2950 715 3014 medio
731 2949 894 3014 Danadius
909 2952 1003 3016 heros

176 3049 318 3132 Agmine
334 3067 574 3134 commemorat,
591 3055 722 3118 fremitu
738 3055 857 3138 regalia
872 3057 973 3120 turbe

174 3155 269 3220 Atria
282 3157 504 3240 complentur3
528 3179 589 3224 nec
605 3159 801 3243 conjugialia
815 3159 899 3224 festa

176 3259 250 3328 Qui
266 3274 370 3341 canat,
386 3265 580 3345 enelamur,
597 3265 654 3329 sed
669 3267 725 3346 qui
740 3265 808 3330 fera
822 3267 949 3330 nuntiet
966 3287 1074 3349 arma3
1120 3323 1124 3332 .

175 3365 280 3446 loque
296 3370 480 3449 repentinos
497 3372 649 3436 convivia
663 3391 755 3434 versa
770 3371 929 3436 tumultus
1195 3374 1217 3438 5

173 3470 372 3536 Assimulare
386 3472 469 3540 freto
485 3475 595 3559 possis,
611 3476 698 3556 quod
714 3495 801 3539 saeva
815 3477 961 3556 quietum

173 3575 356 3642 Ventorum
370 3579 475 3642 rabies
489 3581 586 3644 motis
600 3592 767 3662 exasperat
784 3579 889 3644 undis.
1030 3574 1039 3590 ’

221 3679 350 3746 Primus
364 3683 466 3748 iuliis
482 3685 636 3764 Phineus,
652 3684 731 3750 belli
743 3686 930 3750 temerarius
945 3697 1083 3770 auctor,⁵
1103 3763 1107 3768 ⁵

485 3789 506 3852 6
517 3789 539 3828 {¹
