2646 4176
158 259 201 324 68
443 281 559 332 omns
581 283 904 334 METAMORPHOSES.

158 434 395 517 circumspexit
411 437 523 516 Athin,
540 457 636 518 seque
652 437 824 500 acclinavit
839 437 880 500 ad
897 437 998 516 illum,

159 538 203 601 Et
219 539 292 602 tulit
308 540 349 606 ad
364 561 476 606 manes
488 541 610 622 junctae
627 542 741 606 solatia
756 544 875 606 mortis.

201 641 269 706 Nec
285 644 428 708 Phineus
443 636 540 709 ausus
555 666 741 709 concurrere
758 648 905 710 cominus
920 647 1007 712 hosti

157 747 322 828 Intorquet
335 747 491 829 jaculum,
508 751 593 831 quod
609 749 724 814 detulit
740 772 824 816 error
840 753 873 816 in
890 754 980 832 Idan,
1151 754 1193 820 75

159 851 334 934 Expertem
350 853 464 917 frustrd
478 855 554 918 belli
570 866 603 918 et
617 867 732 918 neutra
747 877 835 920 arma
850 869 1007 922 secutum.

158 957 216 1019 llle
233 967 326 1021 tuens
342 959 444 1021 oculis
460 961 619 1023 immitem
635 959 759 1024 Phinea
774 963 883 1037 torvis,

160 1060 452 1143 ‘Quandoquidem
464 1065 498 1127 in
511 1065 635 1147 partes,’
648 1066 702 1144 ait,
718 1066 908 1146 ‘abstrahor,
921 1068 1040 1149 accipe,
1055 1067 1193 1148 Phineu,

159 1165 270 1233 Quem
286 1165 390 1230 fecisti
405 1168 543 1247 hostem,
560 1189 720 1250 pensaque
736 1171 799 1234 hoc
816 1170 947 1234 vulnere
963 1172 1105 1237 vulnus?

157 1271 294 1352 Jamque
309 1273 497 1336 remissurus
512 1285 649 1346 tractum
666 1275 705 1338 de
721 1269 850 1356 corpore
867 1276 969 1340 telum
1150 1279 1194 1344 80

160 1375 325 1458 Sanguine
342 1377 486 1440 defectos
501 1379 618 1442 cecidit
634 1380 795 1462 collapsus
811 1381 844 1444 in
861 1393 956 1446 artus.

87 1507 89 1514 ·
203 1482 267 1545 Hic
283 1483 408 1564 quiaque
425 1485 615 1565 Cephenum
633 1497 703 1568 post
718 1506 828 1568 regern
840 1489 961 1570 primus
977 1487 1090 1552 Odites

159 1585 246 1650 Ense
259 1585 345 1667 jacet
361 1588 533 1670 Clymeni3
559 1589 733 1654 Protenora
748 1594 884 1674 percutit
901 1595 1074 1676 Hypseus3

157 1691 293 1774 Hypsea
308 1693 480 1774 Lyncides.
529 1694 607 1756 Fuit
622 1706 655 1758 et
672 1697 863 1778 grandaevus
878 1699 912 1760 in
928 1698 991 1761 illis

158 1795 345 1876 Emathion,
361 1799 446 1877 aequi
462 1797 565 1861 cultor
581 1800 775 1881 timidusque
791 1801 943 1881 deorum}
1148 1803 1196 1864 85
1297 1857 1298 1868 ,

159 1901 268 1970 Quem
285 1903 437 1982 quoniam
454 1904 623 1984 prohibent
640 1905 716 1966 anni
732 1905 859 1983 bellare,
877 1889 1036 1985 loquendo

158 2007 296 2090 Pugnat,
312 2018 344 2069 et
361 2007 501 2086 incessit,
519 2008 731 2089 scelerataque
748 2009 887 2072 devovet
903 2029 998 2072 arma.

159 2113 247 2176 Huic
264 2113 412 2175 Chromis
428 2113 576 2194 amplexo
593 2113 738 2176 tremulis
754 2113 864 2176 altaria
880 2115 994 2196 palmis

158 2217 291 2280 Decutit
307 2237 382 2279 ense
399 2228 506 2299 caput,
523 2219 609 2298 quod
626 2219 771 2300 protinus
786 2219 901 2282 incidit
915 2239 989 2300 arae,

157 2326 263 2406 Atque
278 2323 323 2386 ibi
338 2324 509 2387 semanimi
525 2301 623 2386 veiha
637 2327 835 2387 exsecrantia
852 2325 961 2408 lingui
1152 2328 1193 2390 90

158 2429 283 2508 Edidit,
299 2439 333 2491 et
349 2429 473 2492 medios
488 2429 630 2492 animam
646 2430 820 2512 exspiravit
836 2431 868 2494 in
887 2431 987 2512 ignes.

158 2534 235 2598 Plus
251 2544 358 2596 tamen
375 2535 533 2622 exhausto
549 2549 713 2616 superest:
738 2555 876 2616 namque
893 2536 1043 2599 omnibus
1059 2555 1162 2601 unum

158 2639 342 2722 Opprimere
358 2651 406 2702 est
423 2639 559 2702 animus.
607 2639 784 2718 Oonjurata
799 2641 942 2720 undique
958 2652 1103 2722 pugnant

157 2745 299 2826 Agmina
309 2740 369 2825 'pro
384 2743 481 2805 causa
495 2745 646 2805 meritum
662 2743 871 2825 impugnante
888 2745 1057 2827 fidemque.
1297 2821 1298 2830 ,

158 2849 231 2912 Hac
248 2868 303 2932 pro
319 2859 406 2930 parte
424 2867 512 2910 socer
527 2846 644 2910 frustra
659 2847 730 2928 pius
746 2858 778 2909 et
795 2867 880 2910 nova
894 2847 1016 2928 conjux
1143 2851 1194 2916 ⁴95
1297 2891 1298 2910 r

158 2955 242 3016 Cum
260 2953 415 3034 genitrice
431 2950 552 3030 favent,
569 2949 757 3030 ululatuque
772 2952 855 3014 atria¹
866 2953 1039 3035 complent.

52 3081 57 3090 ·
159 3057 225 3122 Sed
240 3077 339 3120 sonus
353 3075 513 3118 armorum
529 3063 665 3136 superat,
682 3055 884 3136 gemitusque
899 3058 1081 3138 cadentem,

159 3162 365 3242 Pollutosque
381 3160 477 3224 simul
494 3159 597 3224 multo
614 3159 747 3224 Bellona
762 3159 898 3224 Penates

160 3267 325 3350 Sanguine
342 3264 516 3348 perfundit,
533 3275 748 3346 renovataque
763 3267 873 3349 proelia
887 3269 1011 3332 miscet.

203 3371 378 3436 Circueunt
395 3389 496 3434 unum
513 3370 657 3434 Phineus
672 3381 706 3433 et
720 3371 807 3435 mille
824 3359 930 3437 secuti
1073 3375 1198 3440 ...aaa

158 3476 282 3541 Phinea
292 3497 300 3556 ;
325 3477 389 3540 tela
405 3477 514 3540 volant
533 3475 666 3540 hiberni
680 3476 836 3559 grandina
853 3477 943 3560 plura
1040 3481 1046 3502 ¹

158 3581 277 3646 Precor
291 3591 463 3662 utmmqua
479 3581 574 3661 latus,
591 3592 771 3664 praeterqne⁸
782 3593 815 3645 et
830 3581 943 3646 lumen
958 3592 992 3648 et
1007 3603 1110 3648 anm.
1138 3619 1140 3626 ·
