2636 4178
579 286 680 342 Boot(
700 287 750 342 ΣΙ.
1137 271 1199 336 117

156 446 267 510 Poscit
283 463 398 527 opem:
422 444 563 506 subeunt
578 442 625 504 illi
640 441 812 524 fratresque
830 463 1021 526 parensque;

157 553 247 614 Huic
264 569 343 614 curn
361 549 546 631 pignoribus
561 547 686 628 domus,
697 559 730 612 et
745 547 831 630 quod
846 551 962 631 cuique
974 552 1122 617 relictum
1137 565 1196 620 est.

163 657 307 736 Alcyone
324 656 433 736 Ceyca
448 663 567 730 movet,
584 653 700 736 Ceycis
715 653 749 716 in
765 672 818 715 ore
1137 660 1198 724 181

163 760 259 826 Nulla
272 761 334 824 uisi
349 759 497 841 Alcyone
513 769 571 837 est,
588 768 630 837 et,
646 756 722 822 crim
737 757 895 822 desideret
911 779 1020 840 unam,

165 866 290 928 Gaudet
305 866 415 928 abessa
432 856 551 928 tamen.
597 863 712 928 Patriae
728 863 853 944 qubque
869 865 968 928 vellet
983 867 1024 930 ad
1040 887 1110 932 oras

164 971 345 1053 Respicere,
363 971 458 1050 inque
475 969 608 1033 domum
623 988 787 1051 supremos
805 979 925 1033 vertere
941 972 1069 1054 vultus;

161 1076 288 1154 Verirm,
307 1074 427 1154 ubisit,
445 1074 556 1146 nescit.
604 1073 714 1138 Tanti
728 1075 887 1156 vertigine
904 1089 1022 1158 pontus
1137 1080 1199 1144 185

156 1181 291 1259 Fervet,
308 1191 341 1242 et
358 1179 489 1243 inducti
504 1180 603 1262 piceis
618 1199 635 1242 e
652 1179 792 1248 nubibus
808 1180 922 1244 umbre

157 1287 265 1352 Omne
281 1285 361 1348 latet
375 1285 505 1363 coelum,
521 1283 745 1374 duplicataque
761 1287 866 1348 noctis
882 1287 988 1368 imago
997 1299 1062 1362 est.

204 1390 378 1473 Frangitur
394 1391 523 1454 incursu
539 1389 678 1454 nimbosi
694 1391 829 1454 turbinis
843 1392 944 1470 arbor,

165 1495 336 1577 Frangitur
351 1507 383 1558 et
398 1494 552 1576 regimen,
569 1494 742 1576 spoliisque
758 1495 902 1558 animosa
916 1509 1076 1578 superstes

168 1599 273 1678 Unda,
289 1601 374 1662 velut
392 1600 517 1678 victrix,
534 1599 723 1678 sinuataque
739 1599 873 1682 despicit
890 1600 1001 1668 undas
1136 1603 1198 1668 190

166 1703 234 1770 Nec
251 1705 357 1784 levitis,
374 1706 471 1786 quim
487 1704 602 1786 siquis
617 1705 728 1768 Athon
756 1703 948 1784 Pindumve,
964 1705 1108 1770 revulsos

164 1809 249 1874 Sede
265 1811 331 1889 sual,
349 1822 433 1874 totos
449 1811 481 1872 in
497 1821 643 1892 apertum
658 1818 814 1872 everteret
829 1828 947 1890 aequor,

159 1915 364 1997 Praecipitata
378 1915 474 1994 cadit,
491 1915 669 1997 pariterque
682 1926 716 1978 et
732 1911 870 1998 pondere
886 1926 918 1976 et
934 1915 1001 1978 ictu

159 2020 278 2102 Mergit
295 2021 328 2082 in
345 2020 409 2083 ima
424 2031 524 2084 ratem
537 2041 545 2099 3
569 2039 645 2084 cum
660 2020 725 2101 qui
740 2040 811 2102 pars
826 2039 944 2102 magna
959 2021 1100 2086 virorum

162 2126 297 2207 Gurgite
313 2145 419 2208 pressa
433 2126 522 2207 gravi
538 2144 641 2206 neque
658 2125 690 2188 in
707 2127 781 2188 adra
794 2125 929 2205 reddita,
945 2125 1012 2190 fato
1135 2128 1197 2191 195

161 2228 291 2293 Functa
306 2240 438 2292 1111111.
486 2228 552 2294 Alii
568 2242 670 2312 partes
685 2241 717 2294 et
734 2232 878 2296 membra
892 2232 1007 2295 carinae

157 2335 295 2400 Trunca
310 2345 429 2398 tenent.
477 2333 585 2398 Tenet
601 2336 667 2418 ipse
684 2355 792 2414 manu,
809 2337 873 2416 qud
887 2347 1010 2418 sceptra
1025 2335 1159 2418 solebat,

158 2440 338 2522 Fragmina
352 2439 473 2522 navigii
488 2440 589 2522 Ceyx,
606 2459 812 2519 socerumque
829 2450 1014 2522 patremque

160 2545 304 2623 invocat,
321 2545 406 2608 heu!
431 2543 555 2608 frustra.
605 2543 671 2606 Sed
688 2544 824 2625 plurima
838 2545 946 2630 nantis
962 2546 994 2606 in
1011 2564 1065 2608 ore

159 2651 308 2732 Alcyone
320 2648 440 2728 conjux
454 2672 462 2729 ;
486 2649 575 2712 illam
592 2648 802 2728 meminitque
817 2647 975 2728 refertque
989 2671 997 2727 3
1132 2651 1198 2713 200

159 2755 253 2818 Illius
268 2766 342 2819 ante
358 2754 470 2818 oculos
487 2764 521 2818 ut
537 2765 634 2836 agant
650 2771 709 2816 sua
723 2773 855 2835 corpora
869 2752 997 2834 fluctus,

160 2860 267 2942 Optat,
284 2871 315 2922 et
330 2859 488 2923 exanimis
504 2861 652 2922 manibus
667 2858 845 2924 tumuletur
859 2860 981 2922 amicis.

161 2965 249 3028 Dum
266 2974 364 3043 natat,
380 2966 556 3043 absentem,
573 2966 699 3044 quoties
715 2965 791 3028 sinit
806 2965 929 3030 hiscere
945 2965 1072 3046 fluctus,

162 3068 312 3132 Nominat
329 3071 510 3151 Alcyonen,
528 3069 666 3151 ipsisque
684 3070 906 3134 immurmurat
923 3071 1026 3134 undis.

163 3173 247 3237 Ecce
264 3195 358 3257 super
373 3175 496 3238 medios
511 3174 629 3238 fluctus
646 3176 736 3256 niger
750 3195 842 3238 arcus
857 3196 1009 3256 aquarum
1132 3175 1199 3238 205

160 3277 345 3362 Frangitur,
361 3290 394 3342 et
410 3280 503 3362 rupti
518 3299 659 3344 mersum
673 3293 769 3362 ceput
787 3281 892 3344 obruit
909 3281 1004 3343 unda

157 3383 291 3448 Lucifer
306 3386 471 3464 obscurus,
489 3405 548 3448 nec
564 3404 661 3466 quem
677 3405 870 3468 cognoscere
886 3405 1005 3469 posses,

157 3489 221 3554 lua
235 3502 331 3552 nocte
347 3488 428 3570 fuit;
451 3491 666 3570 quoniamque
682 3490 836 3554 excedere
852 3490 934 3554 coelo

156 3593 234 3658 Non
251 3594 352 3675 licuit,
369 3595 477 3660 densis
493 3595 574 3658 texit
590 3615 649 3660 sua
663 3597 803 3660 nubibus
818 3614 881 3660 ora.
