2636 4178
134 234 198 300 104
431 258 548 309 oruo’s
571 257 892 308 unrnnoarnosns.

132 415 175 476 At
191 413 277 476 valet
294 413 516 495 Eurystheus;
540 424 572 475 et
589 424 674 492 sunt,
691 431 747 494 qur
761 412 887 476 credere
904 412 1026 495 possint

133 518 213 581 Esse
229 517 346 582 deosl’
392 519 494 598 Dixit,
511 538 628 601 perque
644 519 742 582 altam
758 516 887 580 saucius
903 517 1004 582 OEten

131 622 231 685 Haud
241 622 337 686 ‘aliter
352 623 502 714 graditur,
519 621 616 704 quani
632 624 660 686 si
676 623 834 685 venabula
849 621 940 704 tigris

131 728 268 810 Corpore
286 727 353 790 fixa
369 740 467 810 gerat,
484 726 624 808 factique
640 727 792 810 refugerit
807 738 926 790 auctor.

133 831 226 914 Saepe
243 833 335 897 illurn
352 835 493 915 gemitus
509 833 670 912 edentem,
687 853 771 914 saepe
788 829 988 926 frementem,
1124 829 1169 897 70

133 937 226 1020 Saepe
243 947 456 1002 retentantem
472 948 555 1002 totas
571 937 742 1020 infringere
759 946 875 1014 vestes,
1040 940 1043 944 ’

133 1042 403 1123 sternentemque
418 1045 523 1106 trabes
540 1044 793 1123 irascentemque
809 1041 935 1104 videres

12 1141 15 1147 ’
131 1147 307 1226 Montibus,
324 1157 379 1210 aut
397 1149 496 1230 patrio
513 1147 699 1210 tendentem
716 1147 846 1210 brachia
858 1145 950 1209 coelo.

132 1251 230 1330 Ecce,
247 1252 372 1315 Lichan
388 1251 548 1335 trepidum
564 1264 596 1314 et
611 1252 793 1315 latitantem
807 1271 885 1334 rupe
901 1250 1015 1314 cavatis

131 1357 295 1438 Adspicit3
320 1369 419 1439 utque
436 1356 526 1420 dolor
541 1357 660 1420 rabiem
676 1357 850 1439 collegerat
865 1375 1006 1435 omnem,
1125 1356 1170 1420 75

132 1460 262 1541 ‘'I'une,
279 1461 403 1542 Licha,’
420 1460 513 1541 dixit,
533 1460 660 1525 ‘feralia
675 1461 761 1524 dona
775 1461 915 1525 dedisti?

132 1567 231 1630 Tune
248 1587 329 1630 meae
345 1567 434 1630 neeis
449 1579 560 1629 auctor
575 1569 636 1630 eris
649 1569 680 1629 l’
698 1569 806 1630 tremit
822 1567 886 1646 ille,
903 1575 1060 1650 pavetque

131 1671 284 1752 Pallidus,
301 1683 333 1734 et
350 1672 462 1757 timide
479 1673 577 1735 verba
591 1673 780 1736 excusantia
795 1673 883 1734 dicit.

131 1776 304 1840 Dicentem
320 1778 520 1859 genibusque
537 1797 652 1840 manus
668 1778 819 1840 adhibere
836 1785 1000 1860 parantem

131 1880 267 1963 Corripit
284 1880 424 1959 Alcides,
441 1893 473 1944 et
490 1891 599 1960 terque
616 1893 791 1962 quaterque
806 1892 946 1946 rotatum
1123 1878 1168 1941 8⁰

131 1985 233 2048 Mittit
249 1985 282 2048 in
299 1987 463 2049 Euboicas
479 1997 640 2048 tormento
656 1984 771 2050 sortitis
788 1986 899 2050 undas.

132 2090 191 2153 Ille
207 2109 262 2172 per
274 2091 373 2152 adrias
391 2090 533 2171 pendens
549 2090 695 2154 induruit
710 2111 822 2171 auras;

133 2195 240 2275 thue
257 2194 364 2264 serunt
381 2195 497 2257 imbres
513 2195 628 2276 gelidis
643 2215 847 2259 concrescere
865 2195 993 2275 ventis;

133 2298 188 2362 Sic
206 2299 307 2378 illurn,
325 2298 440 2362 validis
455 2312 563 2363 actum
581 2321 634 2382 per
650 2301 745 2364 inane
761 2301 896 2380 lacertis,

132 2405 406 2486 Exsanguemque
420 2417 509 2468 metu
526 2426 585 2468 nec
598 2406 769 2487 quicquam
781 2406 925 2469 humoris
937 2405 1111 2468 habentem
1127 2403 1170 2466 85

132 2511 172 2574 In
187 2509 306 2592 rigidos
322 2529 449 2574 versum
465 2511 571 2574 silices
586 2512 669 2593 prior
684 2507 785 2575 edidit
801 2522 887 2574 aetes

131 2615 225 2680 Nunc
242 2615 367 2698 quoque
385 2618 418 2679 in
436 2617 583 2680 Euboico
599 2617 750 2700 scopulus
764 2616 871 2680 brevis
885 2615 1006 2678 eminet
1021 2613 1086 2676 alte

132 2721 279 2804 Gurgite,
296 2733 328 2784 et
345 2723 496 2784 humanae
512 2732 618 2784 servat
634 2721 773 2804 vestigia
788 2720 909 2784 former.

133 2827 254 2904 Quem,
271 2825 363 2905 quasi
378 2845 557 2906 sensurum,
574 2837 684 2888 neutra
700 2825 820 2888 calcare
839 2834 998 2902 verentur,

68 3003 73 3012 ⁵
132 2929 366 3012 Appellantque
384 2928 519 2991 Lichan.
568 2930 612 2993 At
628 2941 673 3008 tu,
689 2930 780 2993 Jovis
796 2931 921 3012 inclyta
937 2929 1048 3013 proles,
1125 2927 1169 2990 90

132 3035 307 3100 Arboribus
322 3034 519 3118 caesis,quas
535 3033 633 3098 ardua
647 3047 786 3116 gesserat
804 3035 892 3115 OEte,

133 3141 234 3222 Inque
251 3159 361 3221 pyram
378 3139 515 3218 structis,
533 3159 642 3202 arcum
658 3143 902 3223 pharetramque
918 3157 1079 3224 capacem,

132 3245 310 3327 Regnaque
327 3244 450 3308 visuras
465 3245 583 3308 iterum
599 3244 743 3325 Trojana
757 3247 899 3328 sagittas,

133 3349 230 3412 Ferre
243 3347 339 3428 jubes
354 3349 487 3412 Poeante
503 3360 619 3430 satum,
636 3371 701 3432 quo
716 3352 847 3417 flamma
861 3351 1007 3440 ministro

134 3452 293 3534 Subdita3
316 3453 459 3535 dumque
476 3455 580 3522 avidis
595 3456 833 3539 comprenditur
849 3455 981 3538 ignibus
995 3471 1102 3536 agger,
1128 3449 1171 3514 et

133 3559 326 3641 Oongeriem
341 3559 431 3623 silvae
446 3561 599 3628 Nemoaeo
615 3561 733 3625 vellere
748 3580 909 3626 summam
