2636 4178
134 262 177 324 92
420 280 536 332 omns
557 279 879 330 umauoaruosus.

134 435 208 499 Non
223 436 296 500 cani
312 435 447 518 tetigere
463 435 549 519 lupi,
574 435 695 518 dilapsa
711 435 901 514 liquescunt,

134 541 316 621 Affiatuque
333 551 461 620 nocent,
477 550 510 603 et
525 550 624 622 agunt
639 539 787 620 contagia
802 539 874 601 late.

179 645 327 708 Pervenit
343 645 383 708 ad
399 645 531 708 miseros
547 645 665 707 damno
681 644 824 726 graviore
840 643 972 706 colonos
1108 714 1114 722 .

135 749 248 829 Pestis,
265 761 297 812 et
313 751 346 813 in
363 769 489 831 magnae
505 749 687 811 dominatur
702 748 864 811 moenibus
879 748 975 810 urbis.
1107 748 1171 812 1⁷5

135 853 265 916 Viscera
279 864 437 917 torrentur
452 853 564 935 primo,
579 853 781 932 flammisque
797 851 968 915 fatiscunt:

136 959 296 1022 Indicium
313 960 407 1021 rubor
424 969 520 1020 estet
536 957 651 1020 ductus
666 957 828 1019 anhelitus
842 975 936 1038 aegre.

134 1067 255 1145 Aspera
270 1063 380 1144 lingua
396 1073 507 1141 tumet,
524 1062 717 1144 trepidisque
732 1062 854 1124 arentia
868 1061 959 1124 venis

137 1169 199 1230 Ora
215 1179 333 1251 patent,
350 1187 498 1247 auraeque
514 1186 627 1249 graves
642 1178 809 1249 captantur
826 1167 926 1230 hiatu.

136 1273 209 1336 Non
224 1285 368 1352 stratum,
386 1291 451 1334 non
467 1272 534 1334 ulla
549 1273 614 1354 pati
629 1271 790 1334 velamina
805 1282 948 1353 possunt,
1110 1273 1171 1336 180

136 1379 225 1441 Dura
239 1377 295 1440 sed
312 1377 345 1440 in
361 1378 443 1440 terri
458 1389 582 1459 ponunt
598 1377 778 1460 praecordia,
796 1397 854 1438 nee
871 1376 908 1438 fit

136 1485 259 1566 Corpus
274 1484 374 1545 humo
390 1483 545 1564 gelidum,
562 1483 618 1546 sed
634 1483 752 1544 humus
767 1481 807 1544 de
823 1501 952 1562 corpore
967 1480 1077 1545 fervet.

137 1590 204 1652 Nec
221 1589 400 1652 moderator
415 1588 514 1667 adest,
532 1588 628 1668 inque
645 1589 729 1670 ipsos
744 1607 829 1648 saeva
844 1585 1010 1648 medentes

138 1694 290 1776 Erumpit
305 1694 422 1772 aledea,
440 1694 621 1773 obsuntque
637 1691 820 1756 auctoribus
836 1702 927 1754 artes.

137 1800 216 1867 Quo
232 1800 355 1882 propior
370 1799 503 1878 quisque
519 1809 578 1874 est,
595 1797 754 1875 servitque
772 1795 899 1858 fideliirs
914 1815 1010 1876 aegro,
1108 1796 1171 1858 185

137 1906 176 1967 In
193 1915 314 1986 partem
330 1903 387 1965 leti
402 1901 499 1965 citibs
514 1901 613 1963 venit.
662 1901 769 1980 thue
784 1900 897 1962 salutis

139 2009 220 2090 Spes
236 2008 325 2085 abiit,
342 2007 502 2085 finemque
518 2005 630 2066 vident
646 2004 679 2066 in
694 2003 806 2067 sunere
823 2005 935 2082 morbi,

138 2112 313 2193 Indulgent
329 2111 455 2188 animis,
472 2121 503 2172 at
521 2109 619 2188 nulla,
636 2108 714 2188 quid
729 2108 817 2190 utile,
833 2128 910 2171 eura
924 2120 993 2189 est;

139 2218 224 2280 Utile
241 2217 328 2278 enim
343 2215 426 2276 nihil
442 2226 497 2276 est.
546 2213 668 2277 Passim
684 2215 849 2296 positoque
865 2214 984 2295 pudore

140 2321 299 2384 Fontibus
313 2330 347 2383 et
363 2319 470 2382 fluviis
487 2320 652 2401 puteisque
668 2319 837 2400 capacibus
853 2319 994 2396 haerent3
1111 2319 1170 2382 190

116 2421 118 2430 '
138 2425 205 2488 Nec
223 2424 306 2507 pribs
321 2435 370 2488 est
386 2424 546 2487 exstincta
560 2423 639 2503 sitis,
656 2425 753 2504 quam
770 2423 847 2502 vita,
865 2423 1013 2510 bibendo.

139 2531 218 2594 Inde
235 2550 348 2612 graves
363 2530 458 2592 multi
473 2540 638 2610 nequeunt
653 2547 854 2610 consurgere,
871 2539 903 2590 et
919 2527 995 2610 ipsis

139 2636 369 2698 Immoriuntur
384 2636 493 2715 aquis;
517 2634 631 2715 aliquis
647 2644 755 2697 tamen
771 2634 875 2696 haurit
890 2645 922 2696 et
939 2633 1018 2696 illas.

140 2741 311 2820 Tantaque
328 2739 541 2802 summiseris
557 2739 653 2801 invisi
669 2738 765 2800 taedia
779 2737 864 2816 lecti,

138 2844 322 2922 Prosiliunt,
339 2853 404 2920 aut,
422 2844 449 2905 si
466 2843 634 2924 prohibent
650 2843 821 2904 consistere
839 2843 931 2920 vires,
1110 2841 1173 2904 195

138 2951 277 3030 Corpora
291 2947 470 3010 devolvunt
486 2947 518 3008 in
536 2947 683 3024 humum,
700 2944 893 3027 fugiuntque
909 2957 1039 3028 penates

138 3053 287 3132 Quisque
304 3070 397 3114 suos:
421 3070 481 3114 sua
495 3051 611 3130 cuique
627 3049 744 3112 domus
758 3049 887 3114 funesta
901 3050 1028 3114 videtur
1041 3072 1048 3131 ς

139 3157 183 3220 Et
198 3157 275 3238 quie
288 3175 385 3219 causa
399 3156 487 3234 latet,
503 3155 594 3218 locus
609 3165 657 3218 est
674 3155 707 3217 in
722 3155 856 3218 crimine
872 3156 967 3220 solus.

139 3262 341 3350 Semanimes
356 3281 457 3337 errare
474 3261 544 3339 viis,
561 3260 638 3324 dum
654 3269 736 3324 stare
753 3260 912 3340 valebant,

136 3367 335 3450 Adspiceres,
352 3366 465 3430 flentes
480 3365 559 3428 alios
575 3377 728 3445 terraeque
741 3361 893 3444 jacentes,
1105 3364 1172 3427 200

137 3473 298 3552 Lassaque
316 3483 477 3535 versantes
493 3490 641 3552 supremo
657 3469 780 3532 lumina
795 3480 895 3532 motu.
963 3507 968 3515 ·

181 3576 275 3646 Quid
289 3577 370 3639 milri
387 3586 465 3668 tunc
480 3575 582 3638 animi
595 3573 681 3637 fuiti
705 3593 755 3653 an,
772 3573 859 3653 quod
874 3573 985 3636 debuit
1001 3593 1081 3652 esse,

137 3683 182 3745 Ut
199 3681 299 3744 vitam
315 3679 464 3759 odissem,
481 3689 513 3742 et
529 3699 680 3762 cuperem
697 3697 767 3760 pars
781 3697 850 3740 esse
866 3679 1037 3742 meorum?
