2636 4178
92 275 94 280 r
146 215 208 280 142
440 235 559 287 ovm‘s
580 235 900 288 nmauoaenosas.

142 389 209 454 Nec
226 390 354 454 valuere
369 409 483 454 manus
499 390 637 456 infixum
653 389 788 455 educere
804 391 916 470 telum,

143 495 280 579 Expulit
296 497 363 580 ipse
379 516 480 576 eruor,
496 495 723 576 rubefactaque
739 498 896 579 sanguine
912 495 1007 560 tellus

142 601 341 684 Purpureum
357 600 458 669 viridi.
467 602 579 683 genuit
595 601 635 663 de
651 601 771 682 cespite
788 601 909 680 florem,

142 707 213 776 Qui
228 707 312 789 priirs
328 705 456 768 OEbalio
472 705 574 770 fuerat
590 706 630 768 de
646 706 777 770 vulnere
793 717 897 768 natus.
1113 705 1180 772 396

142 812 251 902 Litera
265 812 448 874 communis
463 811 578 874 mediis
594 830 754 894 pueroque
770 811 900 892 viroque

142 918 298 1000 Inscripta
312 926 362 978 est
376 915 471 994 foliis,
488 918 557 979 heac
574 915 723 996 nominis,
741 915 795 977 illa
809 915 956 996 querelae.

427 1181 496 1222 THE
519 1180 648 1222 GREEKS
671 1179 776 1222 LEAVE
799 1179 893 1221 TROY.

143 1333 253 1398 Victor
267 1335 307 1398 ad
323 1334 522 1419 Hypsipyles
537 1335 670 1418 petriam
685 1334 825 1414 clarique
842 1333 1005 1398 Thoantis
1094 1329 1100 1342 '

144 1440 189 1504 Et
204 1451 350 1504 veterum
366 1451 464 1504 terras
479 1439 616 1521 infames
631 1439 720 1504 caede
737 1439 877 1502 virorum

144 1544 225 1608 Vela
239 1545 303 1625 dat,
320 1556 356 1609 ut
371 1544 485 1608 referat
502 1545 679 1627 Tirynthia
693 1545 767 1622 tela,
784 1543 924 1625 sagittas.
1114 1543 1180 1608 400

143 1649 230 1718 Quae
247 1637 415 1733 postquam
430 1650 472 1714 ad
487 1650 611 1730 Graios,
628 1650 759 1713 domino
775 1649 961 1726 comitante,
976 1650 1111 1730 revexit,

143 1755 298 1838 Imposita
312 1767 422 1837 estque
438 1755 504 1820 fero
520 1755 651 1819 tandem
667 1774 781 1823 marrus
796 1752 913 1816 ultima
926 1752 1030 1816 bello:

144 1857 247 1939 Troja
261 1859 358 1923 simul
374 1858 583 1941 Priamusque
599 1860 741 1939 cadunt;
765 1858 927 1924 Priameia
939 1855 1059 1936 conjux

144 1964 285 2028 Perdidit
301 1963 415 2028 infelix
431 1964 572 2028 hominis
587 1975 658 2047 post
674 1963 783 2027 omnia
797 1962 940 2042 formam,

144 2069 368 2151 Externasque
383 2089 469 2132 novo
485 2069 599 2132 latratu
616 2070 727 2132 terruit
742 2089 845 2158 auras,
1111 2063 1178 2150 405

144 2174 278 2256 Longus
292 2174 326 2237 in
342 2184 516 2255 angustum
531 2174 595 2254 qul
608 2173 766 2237 clauditur
783 2174 1026 2256 Hellespontus.
1042 2179 1046 2182 ’

188 2278 272 2341 Ilion
287 2278 427 2358 ardebat,
444 2296 549 2359 neque
564 2278 669 2342 adhuc
685 2278 872 2342 consederat
888 2277 983 2361 ignis,

144 2383 376 2465 Exiguumque
392 2383 477 2446 senis
493 2383 611 2447 Priami
626 2383 717 2446 Jovis
732 2403 786 2447 ara
800 2402 945 2447 cruorem

144 2488 361 2552 Combiberat.
409 2487 563 2552 Tractata
577 2489 679 2553 comis
695 2486 839 2552 antistita
853 2487 969 2552 Phoebi

143 2592 217 2656 Non
233 2591 427 2675 profecturas
443 2592 594 2657 tendebat
610 2594 650 2657 ad
666 2595 786 2658 aethera
801 2594 932 2676 palmas.
1113 2588 1179 2652 410

144 2697 344 2762 Dardanidas
357 2708 484 2780 matres,
503 2700 676 2782 patriorum
692 2699 785 2782 signa
799 2699 944 2774 deorum,

145 2802 232 2866 Dum
248 2801 334 2882 licet,
352 2802 514 2885 amplexas
530 2822 747 2882 succensaque
763 2803 885 2884 templa
899 2811 1055 2880 tenentes,

144 2907 310 2970 Invidiosa
324 2906 454 2969 trahunt
470 2906 607 2990 victores
622 2909 754 2989 praemia
768 2908 857 2972 Graii
869 2928 877 2986 3

144 3010 286 3080 Mittitur
301 3013 468 3092 Astyanax
484 3011 547 3074 illis
562 3011 602 3074 de
619 3013 767 3095 turribus,
785 3011 870 3075 unde

35 3111 37 3114 ’
145 3115 351 3199 Pugnantem
366 3134 422 3197 pro
438 3135 472 3178 se
489 3117 694 3199 proavitaque
710 3135 808 3198 regna
823 3126 970 3179 tuentem
1115 3109 1183 3173 415

147 3221 241 3302 Saepe
257 3220 366 3284 videre
382 3231 513 3303 patrem,
531 3231 743 3284 monstratum
758 3241 778 3282 a
793 3231 903 3299 matre,
919 3218 1052 3281 solebat.

145 3326 280 3408 Jamque
297 3327 382 3389 viam
398 3325 511 3388 suadet
526 3325 654 3405 Boreas,
670 3326 811 3406 flatuque'
827 3323 970 3388 secundo

145 3432 283 3494 Carbasa
297 3442 385 3493 mota
400 3441 513 3494 sonant
528 3451 535 3509 ;
557 3428 651 3509 jubet
666 3431 713 3494 uti
729 3431 839 3514 navita
853 3429 968 3494 ventis.

147 3533 376 3615 ‘Trojavale3
400 3537 558 3617 rapimur,’
575 3535 726 3612 clamant,
742 3534 884 3614 dantque
901 3532 1013 3596 oscula
1025 3545 1117 3595 terrae

146 3639 300 3717 Troades,
314 3652 345 3700 et
362 3639 470 3721 patriae
485 3638 644 3703 fumantia
658 3651 742 3702 tecta
757 3638 953 3718 relinquunt.
1118 3633 1184 3696 ⁴12⁰
