2636 4178
131 245 195 310 130
432 265 550 318 ortus
573 267 896 318 uernuonenosus.

126 419 195 484 Nee
211 420 315 485 iacere
332 434 381 484 est
398 422 470 502 isti;
494 431 714 503 quantumque
730 442 790 505 ego
807 423 909 486 Marte
925 423 1023 490 feroci
1129 430 1166 496 ll

127 526 230 608 Inque
245 528 313 590 acie
331 527 432 608 valeo,
449 539 575 590 tantum
592 527 678 591 valet
694 529 755 591 iste
771 528 942 609 loquendo.
962 569 965 576 ·

126 631 194 696 Nee
212 634 418 696 memoranda
433 644 541 696 tamen
558 634 651 696 vobis
667 653 738 696 mea
754 633 848 711 saeta,
865 634 1002 719 Pelasgi,

128 738 208 800 Esse
225 759 302 818 reor,
320 739 445 801 vidistis
461 738 572 817 enim;
596 751 657 802 sua'
669 749 773 800 narret
790 739 913 818 Ulixes,

126 843 213 913 Quae
229 844 297 908 sine
314 855 395 907 teste
412 844 502 926 gerit,
519 862 654 924 quorum
671 861 738 905 nox
752 845 882 906 conscia
897 845 965 908 sola
979 861 1036 910 est.
1127 851 1168 914 15

169 949 306 1012 Praemia
321 969 438 1031 magua
453 949 520 1031 peti
537 947 655 1027 fateor;
680 948 737 1010 sed
752 948 852 1012 demit
869 950 1023 1015 honorem

126 1054 286 1118 AEmulus.
333 1053 426 1133 Ajaci
442 1074 507 1116 non
523 1065 572 1116 est
588 1053 729 1115 tenuisse
746 1054 927 1134 superbum,

127 1159 178 1222 Sit
193 1160 268 1224 licet
284 1161 345 1222 hoc
362 1161 485 1241 ingens,
502 1156 655 1239 quidquid
673 1158 810 1240 speravit
829 1159 948 1222 Ulixes.

126 1264 190 1328 Iste
206 1265 279 1327 tulit
297 1265 433 1346 pretium
446 1263 513 1343 jam
531 1283 616 1326 nune
633 1263 816 1326 certaminis
832 1263 949 1345 hujus;

126 1367 237 1448 Qubd‘,
252 1371 326 1432 cirrrr
342 1369 448 1432 victus
463 1370 531 1447 erit,
550 1387 677 1431 mecum
693 1369 828 1430 certasse
845 1367 971 1432 feretur.
1122 1376 1166 1440 20

170 1479 276 1556 Atque
292 1495 363 1557 ego,
380 1475 407 1537 si
423 1474 523 1537 virtus
541 1475 572 1535 in
591 1491 641 1535 me
657 1472 844 1535 dubitabilis
860 1486 955 1554 esset,

125 1581 302 1646 Nobilitate
318 1591 431 1664 potens
447 1599 561 1658 essem,
579 1578 760 1640 Telamone
776 1589 911 1658 creatus,

126 1686 249 1749 Moenia
263 1686 318 1767 qui
334 1685 408 1748 forti
425 1682 568 1764 Trojana
584 1684 644 1746 sub
661 1682 801 1746 Hercule
817 1683 911 1766 cepit,

126 1790 299 1872 Litoraque
316 1791 444 1853 intravit
461 1790 613 1871 Pagasaed
629 1788 752 1851 Colcha
766 1789 883 1852 earini.
910 1789 914 1800 '

126 1893 247 1958 AEacus
262 1897 338 1958 huic
355 1906 515 1977 pateram,
532 1895 586 1975 qui
596 1890 672 1974 'jura
686 1893 856 1956 silentibus
872 1893 936 1957 illio
1116 1899 1164 1961 26

126 1999 258 2079 Reddit,
275 1999 331 2062 ubi
346 1998 495 2062 AEoliden
513 2017 627 2060 saxum
644 2017 740 2078 grave
758 1999 922 2081 Sisyphon
938 2012 1036 2081 urget.

125 2103 251 2168 AEacon
266 2104 412 2186 agnoseit
426 2123 572 2166 summus
588 2103 772 2184 prolemque
788 2103 906 2167 fatetur

125 2209 250 2292 Jupiter
265 2230 333 2272 esse
350 2229 451 2272 suam.
499 2208 554 2270 Sic
571 2227 590 2269 a
604 2207 686 2270 Jove
702 2210 815 2271 tertius
831 2207 924 2290 Ajax.

125 2313 193 2378 Nec
210 2326 319 2378 tamen
335 2315 405 2377 haec
422 2313 517 2377 series
534 2313 566 2375 in
582 2313 680 2376 eausa
695 2313 803 2397 prosit,
821 2313 950 2393 Achivi,

128 2419 165 2484 s‘t.
181 2420 263 2484 milri
277 2440 353 2484 eum
370 2437 488 2502 magno
504 2437 569 2482 non
586 2427 634 2481 est
650 2419 833 2482 communis
849 2419 986 2482 Achille.
1120 2417 1163 2482 30

127 2526 239 2590 Frater
253 2535 341 2605 erat3
365 2523 503 2588 fraterna
518 2534 601 2608 peto.
649 2523 741 2592 Quid
758 2525 915 2607 sanguine
931 2533 1037 2588 cretus

129 2630 294 2714 Sisyphio,
312 2629 468 2712 furtisque
484 2643 516 2692 et
532 2627 643 2692 fraude
659 2629 842 2694 simillimus
857 2630 914 2710 illi,

128 2736 245 2799 luseris
260 2735 403 2799 AEaeidis
419 2734 533 2797 alienae
549 2735 682 2796 nomina
697 2735 825 2816 gentis?

170 2843 233 2919 An,
250 2839 334 2920 qubd
351 2839 384 2901 in
400 2858 488 2901 arma
504 2839 587 2920 prior
602 2838 755 2920 nulloque
771 2840 830 2902 sub
847 2839 953 2901 indice
970 2837 1053 2916 veni,

127 2946 225 3007 Arma
241 2943 388 3025 neganda
404 2944 507 3007 mihi?
532 2944 696 3026 potiorque
713 2945 872 3008 videbitur
887 2943 951 3023 ille,
1121 2939 1165 3002 35

127 3049 250 3113 Ultima
265 3048 319 3129 qui
336 3048 431 3131 cepit,
448 3048 700 3130 detrectavitque
717 3048 819 3111 furore

127 3154 276 3217 Militiam
293 3153 390 3233 ficto;
415 3153 517 3216 donec
533 3153 689 3219 sollertior
704 3155 775 3232 isto,
815 3205 820 3214 .

127 3259 171 3322 Et
187 3259 248 3322 sibi
264 3259 415 3337 inutilior,
433 3258 538 3322 timidi
555 3269 738 3322 commenta
753 3258 868 3322 retexit

125 3363 320 3445 Naupliades
335 3365 445 3443 animi,
461 3364 624 3445 vitataque
641 3363 736 3427 traxit
752 3361 792 3425 ad
808 3364 922 3426 armai

128 3469 259 3552 Optima
274 3489 360 3532 nunc
375 3479 492 3548 sumat,
509 3470 564 3550 qui
580 3488 702 3532 sumere
718 3467 822 3531 noluit
838 3468 923 3548 ulla;
1122 3461 1163 3526 tu

126 3573 195 3637 Nos
211 3574 396 3636 inhonorati
411 3586 444 3636 et
460 3574 553 3636 donis
569 3573 764 3656 patruelibus
780 3574 859 3651 orbi,

127 3677 314 3740 Obtulimus
329 3678 406 3757 quia
420 3697 478 3740 nos
493 3678 533 3740 ad
550 3680 650 3760 prima
666 3678 815 3760 pericula,
832 3680 943 3742 simus.

127 3783 234 3864 Atque
251 3782 375 3846 utinam
390 3792 446 3843 aut
461 3800 555 3843 verus
570 3781 655 3845 furor
671 3782 726 3844 ille
741 3793 796 3845 aut
812 3783 953 3846 creditus
968 3793 1062 3861 esset,
