2636 4178
570 281 670 333 soca
691 281 742 333 xa
1126 262 1188 327 119

143 438 240 506 Muta
254 437 348 518 quies
363 435 486 500 habitat
499 457 507 518 ;
531 457 610 500 saxo
625 446 734 501 umen
749 438 817 501 exit
832 438 873 500 ab
889 439 955 502 imo

146 544 253 608 Ritus
268 561 362 624 aquae
378 541 509 622 Lethes,
526 563 580 625 per
595 561 692 622 quem
707 561 783 606 cum
799 563 961 608 murmure
976 543 1088 608 labens
1121 529 1187 609 240

119 659 125 666 ’
151 650 270 714 Invitat
286 667 418 712 somnos
432 647 664 730 crepitantibus
679 647 767 710 unda
781 647 907 730 lapillis.

153 758 237 820 Ante
252 753 335 817 fores
350 753 433 818 antri
448 751 588 816 fecunda
603 773 760 836 papavera
774 752 898 832 florent,

153 861 397 941 Innumeraequc
413 859 531 937 herbae,
548 877 682 939 quarum
698 858 738 921 de
753 858 837 934 lacte
852 878 999 942 soporem

148 967 225 1030 Nox
239 965 325 1047 legit,
342 975 374 1028 et
390 963 508 1046 spargit
524 983 579 1046 per
594 983 708 1046 opacas
724 964 858 1028 humida
872 974 979 1030 terras.

146 1073 264 1151 Janua,
281 1089 353 1151 quae
369 1089 461 1132 verso
477 1068 646 1132 stridorem
660 1069 788 1132 cardine
804 1069 927 1152 reddat,
1120 1071 1187 1136 245
1301 1111 1303 1122 ,

143 1176 246 1242 Nulla
261 1175 359 1238 domo
375 1173 454 1254 toti,
470 1185 580 1237 custos
596 1174 629 1238 in
645 1173 755 1238 limine
772 1176 899 1258 nullus;

145 1285 189 1346 At
205 1281 315 1344 medio
331 1291 418 1342 torus
432 1289 481 1342 est
496 1280 599 1343 ebeno
615 1279 762 1343 sublimis
777 1280 810 1344 in
826 1292 927 1362 antro,

148 1387 314 1465 Plumeus,
331 1385 485 1465 unicolor,
502 1385 589 1468 pullo
604 1385 764 1448 velamine
780 1396 906 1467 tectus;
934 1459 935 1463 Ἰ

154 1490 234 1558 Qut
249 1490 341 1552 cubat
356 1491 424 1573 ipse
439 1490 519 1553 deus
536 1490 686 1554 membris
702 1490 854 1572 languore
870 1490 992 1554 solutis.

156 1596 257 1658 Hunc
272 1597 349 1657 circa
363 1597 492 1678 passim,
509 1595 613 1658 varias
629 1595 789 1658 imitantia
804 1593 932 1674 formas,
1119 1595 1186 1659 250

126 1741 128 1744 -
156 1699 291 1764 Somnia
305 1719 384 1763 vane
395 1699 505 1780 jacent
521 1700 666 1779 totidem,
683 1710 761 1781 quot
778 1698 892 1763 messis
906 1701 1025 1780 aristas,

152 1805 245 1870 Silva
258 1807 338 1888 gerit
353 1805 493 1885 frondes,
509 1804 628 1886 ejectas
643 1806 720 1869 litus
735 1825 855 1870 uenas

193 1912 383 1982 autsimul
400 1911 540 1990 intravit,
558 1912 769 1993 manibusque
786 1910 947 1977 obstantia
960 1911 1052 1994 virgo

150 2017 285 2081 Somnia
300 2017 445 2097 dimovit,
462 2015 560 2079 vestis
575 2015 699 2099 fulgore
715 2016 833 2081 reluxit

153 2122 248 2186 Sacra
263 2122 389 2201 domus,
406 2121 558 2204 tardique
575 2121 654 2186 deus
670 2122 828 2205 gravitate
841 2120 986 2203 jacentes
1119 2122 1187 2184 255

151 2229 213 2291 Vix
228 2227 340 2290 oculos
355 2227 480 2306 tollens,
497 2229 674 2308 iterumque
691 2228 870 2309 iterumque
882 2227 1031 2317 ¹relabens

148 2331 350 2412 Summaque
367 2333 547 2414 percutiens
562 2333 691 2396 nutanti
706 2343 833 2414 pectora
849 2342 971 2411 mento,

149 2437 304 2500 Excussit
318 2437 448 2500 tandem
464 2438 526 2500 sibi
541 2458 586 2517 sc,
597 2439 775 2517 cubitoque
791 2437 927 2514 levatus,

151 2543 244 2612 Quid
259 2544 377 2622 veniat,
395 2543 564 2625 (cognovit
579 2543 683 2628 enim)
699 2541 839 2603 scitatur.
886 2542 929 2602 At
946 2541 1022 2603 illa:

151 2647 304 2728 ‘Somne,
321 2649 411 2728 quies
426 2667 543 2725 rerum,
560 2646 785 2729 placidissime,
803 2643 935 2723 Somne,
952 2644 1095 2724 deorum,
1118 2643 1185 2707 260

148 2753 218 2816 Pax
234 2753 343 2834 animi,
360 2773 457 2835 quem
472 2764 549 2815 cura·
563 2750 658 2834 sugit,
675 2749 731 2832 qui
746 2769 877 2832 corpora
892 2749 978 2812 duris

148 2860 251 2922 Fessa
266 2858 451 2922 ministeriis
467 2843 600 2936 mulces,
617 2876 803 2944 separesque
820 2856 929 2935 labori,

151 2964 294 3042 Somnia,
311 2984 383 3045 quae
398 2983 489 3027 veras
504 2973 631 3044 aequant
647 2962 825 3026 imitamine
842 2959 969 3042 formas,

152 3067 312 3133 Herculei
327 3069 491 3133 Trachine
503 3066 581 3148 jube
597 3068 657 3131 sub
674 3067 813 3149 imagine
829 3069 923 3150 regis,

151 3173 319 3256 Alcyonen
335 3173 462 3253 adeant,
480 3172 711 3254 simulacraque
727 3171 881 3254 naufraga
896 3173 1029 3253 fingant.
1119 3171 1186 3235 265

147 3279 287 3362 Imperat
303 3279 364 3342 hoc
380 3279 400 3342 J
403 3280 488 3342 un0.’
533 3278 707 3358 Postquam
723 3277 874 3340 mandata
889 3277 1010 3358 peregit

146 3384 217 3462 Iris,
233 3385 319 3448 abit:
344 3402 447 3464 neque
463 3383 550 3448 enim
566 3382 697 3446 ulterius
712 3381 843 3445 tolerare
860 3381 981 3462 soporis

84 3499 94 3522 ⁸
146 3489 224 3553 Vim
240 3499 385 3573 poterat;
408 3487 536 3570 labique
552 3499 589 3552 ut
604 3507 756 3551 somnum
772 3486 870 3549 sensit
885 3486 920 3548 in
935 3496 1031 3566 artus,

147 3593 286 3678 Effugit,
303 3604 336 3658 et
350 3605 470 3659 remeat
486 3613 543 3678 per
556 3613 636 3676 quos
651 3591 749 3656 modi
763 3602 894 3654 venerat
909 3611 1010 3654 arcus.

192 3703 237 3765 At
253 3710 342 3785 pater
356 3721 375 3766 e
390 3699 509 3786 populo
524 3711 673 3764 natorum
688 3698 776 3762 mille
793 3717 923 3762 suorum
1120 3697 1186 3762 270
