2646 4176
119 241 163 304 52
404 261 526 313 ovnrs
548 258 870 312 ummoemroses.

119 415 283 500 Tempore
299 418 400 480 crevit
416 435 524 480 amor:
548 416 643 480 taedae
659 415 787 498 qudque
800 414 871 495 jure
886 413 1038 497 coissent,

120 521 186 585 Sed
203 523 333 586 vetuere
349 533 462 606 patres.
511 571 518 586 .
566 570 574 585 .
622 567 630 584 .

169 626 282 690 Fissus
297 638 364 690 erat
379 627 469 690 tenui
485 628 575 706 rimi,
591 645 689 708 quarn
704 625 839 688 duxerat
856 624 944 705 olim,

119 732 204 797 Orlm
221 733 322 811 fieret,
339 733 440 816 paries
455 732 567 795 domui
583 731 767 794 communis
783 731 918 811 utrique.

119 838 158 901 ld
173 839 291 901 vitium
307 839 388 901 nulli
404 859 459 920 per
474 837 592 901 saecula
607 836 704 918 longa
721 847 878 917 notatum,
1118 836 1158 902 10

120 942 230 1026 (Quid
246 964 312 1006 non
328 945 425 1006 sentit
441 963 529 1004 arnor
540 943 569 1028 ?)
586 942 679 1024 primi
695 942 832 1022 vidistis,
849 953 1003 1021 amantes,

120 1048 166 1111 Et
181 1051 271 1112 vocis
286 1047 407 1111 fecistis
423 1047 490 1109 iter.
539 1048 640 1127 Tum,
657 1067 820 1110 murmure
837 1067 935 1130 parvo

120 1153 226 1217 Multa
241 1153 325 1238 pribs
341 1153 455 1233 questi,
471 1163 627 1230 statuunt,
646 1164 682 1216 ut
697 1165 792 1215 nocte
804 1153 915 1216 silenti

121 1258 247 1321 Fallere
262 1258 413 1321 custodes
430 1257 614 1338 foribusque
631 1259 786 1321 excedere
802 1269 939 1336 tentent,

120 1365 270 1445 Cumque
286 1364 383 1427 domo
400 1365 548 1443 exierint,
560 1363 648 1427 urbis
660 1365 786 1444 qubque
799 1375 884 1426 tecta
895 1363 1094 1444 relinquant:
1121 1364 1161 1425 15

120 1467 211 1532 Neve
228 1471 269 1532 sit
284 1469 453 1532 errandum
470 1470 536 1532 lato
552 1469 766 1551 spatiantibus
782 1489 868 1548 arvo,

121 1576 326 1638 conveniant
342 1573 384 1638 ad
399 1575 495 1638 busta
509 1575 596 1654 Nini,
614 1576 798 1657 lateantque
815 1577 875 1638 sub
894 1575 1008 1638 umbri

96 1718 100 1722 -
121 1681 262 1744 Arboris.
310 1681 413 1745 Arbor
429 1682 483 1758 ibi,
500 1681 606 1744 niveis
622 1683 783 1744 uberrima
798 1682 912 1763 pomis,

121 1785 233 1850 Ardua
246 1805 366 1865 morus,
383 1796 460 1864 erat,
476 1785 584 1868 gelido
600 1787 801 1848 contermina
817 1783 908 1846 fonti.

121 1888 221 1952 Pacta
237 1890 372 1973 placent,
390 1899 423 1952 et
439 1890 506 1968 lux,
525 1888 612 1952 tarde
628 1888 785 1951 decedere
797 1890 876 1966 visa,
1115 1883 1161 1949 20

120 1993 340 2076 Praecipitatus
355 1995 455 2076 aquis,
472 2004 503 2055 et
520 1993 611 2074 aquis
627 2011 693 2055 nox
709 1993 810 2074 surgit
827 1993 868 2054 ab
884 1991 997 2055 isdem.

166 2098 292 2165 Callida
306 2118 361 2180 per
377 2098 533 2176 tenebras,
550 2107 676 2160 versato
692 2097 831 2176 cardine,
849 2095 976 2160 Thisbe

122 2203 305 2286 Egreditur,
322 2201 466 2284 fallitque
482 2221 568 2282 suos,
584 2201 800 2286 adopertaque
815 2202 946 2292 vultum

122 2308 273 2372 Pervenit
288 2307 329 2370 ad
345 2307 519 2386 tumulum,
537 2307 687 2389 dictisque
703 2309 763 2372 sub
779 2308 890 2370 arbore
907 2306 1007 2372 sedit:

121 2413 290 2477 Audacem
305 2411 444 2476 faciebat
460 2432 558 2476 amor.
607 2413 704 2477 Venit
720 2433 796 2477 ecce
812 2414 933 2476 recenti
1119 2412 1163 2477 25

123 2517 221 2582 Oaede
237 2518 340 2582 leaena
355 2519 455 2582 bourn
471 2531 658 2600 spumantes
673 2517 775 2582 oblita
789 2519 897 2597 rictus,

123 2622 315 2706 Depositum
330 2625 419 2687 sitim
435 2624 535 2688 vicini
551 2622 651 2686 sontis
667 2625 699 2686 in
718 2623 813 2688 unda
834 2647 839 2673 τ

125 2729 237 2797 Quam
254 2729 363 2813 procul
380 2729 421 2792 ad
436 2730 524 2792 lunae
541 2729 645 2792 radios
661 2729 844 2810 Babylonia
859 2727 986 2791 Thisbe

88 2893 95 2908 ,
124 2832 224 2915 Vidit,
241 2847 272 2896 et
290 2835 461 2898 obscurum
480 2833 593 2896 timido
610 2833 690 2916 pede
708 2832 792 2913 sugit
811 2835 843 2894 in
860 2842 997 2912 antrum,

124 2942 276 3020 Dumque
292 2938 387 3021 fugit,
405 2951 494 3020 tergo
511 2938 673 3000 velamina
689 2937 776 3018 lapsa
791 2937 929 3017 reliquit.
1120 2933 1164 2998 30

125 3047 170 3111 Ut
186 3047 237 3109 lea
252 3064 339 3107 soeva
354 3043 440 3106 sitim
457 3042 558 3106 multi
573 3044 772 3124 compescuit
788 3042 885 3119 unde,

125 3153 215 3217 Dum
230 3150 312 3214 redit
328 3151 361 3212 in
378 3150 484 3226 silvas,
503 3147 651 3210 inventos
666 3146 747 3209 forte
763 3149 832 3210 sine
849 3148 918 3230 ipsi

47 3243 52 3254 ⁸
125 3257 187 3322 Ore
203 3265 370 3320 cruentato
387 3265 500 3316 tenues
516 3251 650 3316 laniavit
665 3254 811 3316 amictus.

171 3363 283 3443 Scribe
294 3379 440 3442 egressus
455 3358 594 3440 vestigia
609 3358 690 3446 yidit
707 3359 739 3422 iu
756 3359 822 3421 alto

125 3463 263 3532 Pulvere
279 3476 365 3529 certa
380 3463 466 3542 ferae,
483 3474 614 3544 totoque
630 3465 786 3546 expalluit
802 3483 855 3528 ore

125 3571 295 3654 Pyramus.
343 3571 387 3634 Ut
403 3569 480 3656 verb
496 3581 620 3632 vestem
636 3569 763 3651 qudque
778 3569 936 3650 sanguine
953 3557 1088 3632 tinctam

126 3675 269 3760 Repetit,
288 3675 500 3756 ‘Unaduos,'
516 3675 633 3758 inquit,
652 3681 736 3739 ‘nox
752 3675 862 3758 perdet
877 3683 1030 3754 amantes,
1196 3653 1229 3713 ⁸
