2636 4178
117 313 180 377 116
414 334 531 386 evurs
552 333 870 385 unrauournosns.

114 491 221 572 thue
237 489 352 568 solent,
368 489 506 572 sumptis
522 489 651 553 incursu
666 489 798 568 viribus,
815 489 859 552 ire

115 596 247 658 Pectore
263 595 296 659 in
312 615 400 659 arma
415 594 473 658 fen
489 605 704 678 praetentaque
721 593 785 656 tela
799 593 928 676 leones;

117 700 182 780 Sic,
199 701 255 764 ubi
271 721 304 764 se
318 701 425 764 ventis
439 701 609 764 admiserat
625 700 713 763 unda
727 698 854 778 coortis,

116 806 187 870 Ibat
202 807 236 869 in
252 825 340 868 arma
355 805 439 886 ratis,
455 805 619 887 multoque
636 817 702 868 erat
718 805 811 868 altior¹
826 805 898 868 illis.
1090 803 1153 866 150

114 911 250 991 Jamque
266 900 376 973 labant
391 911 497 989 cunei,
514 911 710 993 spoliataque
726 910 867 992 tegmine
883 929 964 972 cerae

115 1013 214 1078 Rima
230 1025 325 1097 patet,
343 1016 629 1098 praebetque·viam
644 1015 793 1078 letalibus
808 1015 912 1077 undis.

118 1119 205 1182 Ecce
221 1119 342 1182 cadunt
358 1119 437 1200 largi
453 1119 600 1183 resolutis
615 1121 757 1184 nubibus
773 1119 899 1200 imbres,

117 1225 218 1305 Inque
235 1223 353 1287 fretum
369 1225 478 1287 credas
494 1235 598 1289 totum
615 1225 805 1288 descendere
820 1224 951 1303 coelum,

117 1331 218 1410 Inque
235 1328 344 1412 plagas
358 1331 432 1392 coeli
447 1329 657 1393 tumefactum
674 1329 843 1392 ascendere
861 1339 1004 1411 pontum.
1087 1328 1151 1391 155

117 1433 197 1497 Vela
211 1433 342 1496 madent
358 1435 486 1514 nimbis,
503 1446 535 1497 et
551 1455 627 1498 cum
642 1431 826 1497 celestibus
842 1433 938 1496 undis
955 1508 958 1514 Ι

117 1537 288 1620 AEquoreae
304 1541 480 1602 miscentur
494 1559 607 1620 aquae3
630 1525 715 1602 caret
732 1539 861 1620 ignibus
876 1540 986 1616 aether,

118 1645 275 1723 Oaecaque
291 1663 357 1706 nox
373 1645 525 1725 premitur
540 1645 679 1706 tenebris
694 1643 873 1724 hiemisque
890 1643 1027 1724 suisque.

118 1749 305 1811 Discutiunt
321 1759 430 1811 tamen
447 1750 514 1826 has,
532 1750 737 1830 praebentque
754 1748 907 1811 micantia
921 1747 1030 1811 lumen

119 1852 292 1933 Fulmina5
316 1851 481 1916 fulmineis
496 1853 666 1915 ardescunt
682 1853 811 1934 ignibus
827 1852 931 1915 undun
1090 1851 1164 1946 160,

118 1958 182 2020 Dat
198 1957 324 2045 qudque
338 1955 405 2036 jam
422 1957 521 2020 saltus
538 1957 621 2019 intra
635 1977 714 2021 cava
730 1969 819 2020 texta
834 1958 949 2020 carinae

119 2062 274 2142 Fluctus3
298 2072 340 2141 et,
358 2073 393 2124 ut
411 2061 503 2124 miles
529 2081 663 2124 numero
680 2065 877 2146 praestantior
892 2061 990 2141 omni,

119 2168 201 2230 Ciam
218 2173 302 2250 saepe
318 2148 441 2229 assiluit
458 2165 598 2229 desensae
616 2169 777 2230 moenibus
792 2168 889 2246 urbis,

122 2271 186 2353 Spe
202 2273 321 2353 potitur
337 2271 478 2349 tandem,
495 2271 661 2354 laudisque
677 2294 831 2336 accensus
847 2294 953 2337 amore

120 2377 208 2441 Inter
224 2376 312 2439 mille
328 2377 414 2439 viros
432 2397 560 2439 murum
577 2389 685 2440 tamen
701 2389 835 2460 occupat
850 2397 954 2458 unus;
1093 2373 1152 2438 165

122 2481 177 2544 Sic
194 2481 249 2544 ubi
267 2481 434 2563 pulsarunt
449 2483 525 2545 celsi
541 2482 641 2544 latera
656 2482 755 2546 ardua
769 2483 896 2561 fluctus,

120 2585 248 2650 Vastiirs
263 2587 432 2669 insurgens
447 2587 582 2652 decimae
597 2590 660 2651 ruit
677 2588 815 2670 impetus
832 2587 945 2650 undae:

120 2691 187 2754 Nec
205 2693 288 2774 prius
304 2693 429 2754 absistit
445 2692 562 2755 fessam
578 2713 759 2775 oppugnare
776 2693 926 2769 carinam,

121 2797 232 2865 Quam
249 2796 338 2858 velut
356 2799 388 2859 in
405 2807 506 2878 captae
522 2796 693 2859 descendat
710 2796 828 2858 moenia
844 2797 945 2858 navis.

121 2900 197 2964 Pars
213 2901 311 2982 igitur
327 2901 470 2962 tentabat
486 2899 593 2962 adhuc
611 2901 759 2963 invadere
777 2901 901 2982 pinum,
1095 2896 1157 2960 170

123 3005 199 3067 Pars
214 3006 309 3067 maris
326 3005 413 3067 intus
429 3016 505 3067 erat.
554 3005 731 3086 Trepidant
747 3005 833 3068 haud
849 3004 980 3086 segnius
996 3021 1118 3080 omnes,

122 3110 235 3178 Quam
251 3109 331 3172 solet
347 3109 432 3188 urbs,
449 3108 520 3172 aliis
535 3129 663 3172 murum
679 3109 876 3174 fodientibus
893 3109 994 3186 extrb,

122 3215 228 3295 Atque
243 3213 315 3277 aliis
330 3235 467 3294 murum,
486 3213 649 3296 trepidare,
668 3215 853 3278 tenentibus
869 3215 964 3278 intus.

126 3317 242 3382 Deficit
258 3338 316 3400 ars,
333 3320 495 3401 animique
512 3319 633 3382 cadunt
647 3340 654 3400 3
679 3317 876 3401 totidemque
893 3317 1055 3396 videntur,

122 3425 215 3493 Quot
230 3425 365 3489 veniunt
382 3425 509 3505 ductus,
526 3435 726 3507 ruerentque
743 3425 913 3507 irrumpere
930 3434 1058 3486 mortes.
1096 3421 1157 3486 175

122 3529 195 3593 Non
212 3540 300 3593 tenet
317 3531 369 3593 hic
385 3531 552 3612 lacrymas,
570 3542 677 3614 stupet
694 3529 758 3610 hic,
775 3541 871 3592 vocat
887 3527 940 3592 ille
956 3527 1079 3607 beatos,

123 3633 254 3697 Funera
268 3653 349 3714 quos
365 3645 524 3713 maneant,
542 3636 595 3699 hic
611 3635 696 3698 votis
711 3653 833 3698 numen
848 3632 967 3714 adorat,

123 3736 322 3822 Brachiaquo
338 3737 380 3802 ad
395 3737 524 3820 coelum,
537 3737 624 3823 quod
639 3759 705 3804 non
721 3738 821 3819 videt,
838 3737 925 3802 irrita
940 3735 1060 3802 tollens
