2636 4178
110 277 177 344 146
412 300 529 353 ovms
550 301 869 354 ummomnosaa
934 281 937 288 '

112 453 245 523 Quidve
261 456 391 519 moror?
414 457 478 537 qui)
493 476 545 519 me
561 477 678 535 servas,
695 478 814 520 annosa
829 457 1000 521 senectus?

112 559 213 639 Quid,
229 561 266 624 di
282 560 435 640 crudeles,
452 561 513 623 nisi
529 562 593 641 qui)
609 581 693 624 uova
709 562 821 625 funera
836 583 974 641 cernam,
1080 561 1146 626 516

112 663 266 728 Vivacem
282 665 415 729 differtis
431 668 551 729 anum?
597 667 683 735 urus
699 687 791 749 posse
807 680 931 750 putaret

111 769 256 834 Felicem
272 770 435 833 Priamum
452 783 521 853 post
538 769 643 834 diruta
660 771 814 853 Pergama
829 772 916 834 dici?

111 874 207 937 Felix
223 886 323 939 morte
339 875 455 952 suriest,
472 895 532 938 nee
551 885 592 952 te,
610 895 683 938 mea
697 889 782 955 nata,
799 887 999 957 peremptam

111 979 267 1063 Adspicit,
283 990 316 1042 et
333 981 433 1043 vitam
451 980 564 1062 pariter
579 997 776 1061 regnumque
792 977 929 1060 reliquit.

110 1086 163 1162 At,
180 1096 267 1166 puto,
284 1082 451 1147 funeribus
466 1084 625 1163 dotabere,
641 1085 730 1165 regia
746 1085 845 1165 virgo,
1081 1085 1146 1151 52⁰

110 1189 337 1269 Condeturque
354 1201 446 1251 tuum
464 1190 681 1250 monumentis
696 1208 811 1270 corpus
826 1189 930 1253 avitis.

110 1293 183 1358 Non
200 1294 268 1356 haec
284 1303 332 1356 est
348 1292 475 1355 fortuna
490 1292 614 1357 domds.
663 1293 742 1356 Tibi
757 1311 891 1356 munera
907 1295 1015 1358 matris

110 1399 307 1484 Contingent
322 1398 416 1460 fletus
433 1399 667 1479 peregrinaque
685 1398 817 1460 haustus
832 1417 946 1462 arenae.

111 1503 228 1566 Omnia
243 1502 455 1585 perdidimus:
479 1515 631 1584 superest,
647 1522 704 1564 eur
719 1502 826 1565 vivere
843 1514 970 1586 tempus

112 1610 150 1672 ln
168 1610 263 1671 breve
279 1609 467 1684 sustineam,
486 1607 587 1689 proles
603 1607 781 1689 gratissima
797 1609 899 1686 matri,
1080 1607 1146 1672 525

111 1714 207 1777 Nune
222 1712 319 1791 solus,
336 1712 497 1793 quondam
514 1713 668 1775 minimus
683 1713 722 1775 de
738 1712 833 1795 stirpe
850 1712 945 1792 virili,

111 1817 182 1881 Has
196 1819 290 1880 datus
306 1819 437 1881 Ismario
453 1817 520 1899 regi
539 1816 716 1898 Polydorus
731 1818 766 1880 in
782 1837 862 1881 oras.

111 1923 201 1991 unio
218 1942 322 1986 moror
337 1924 458 1986 interea
472 1921 613 1984 crudelia
628 1922 761 1985 vulnera
775 1921 917 2006 lymphis

109 2028 248 2093 Abluere
264 2041 297 2090 et
313 2047 436 2111 sparsos
452 2026 569 2090 immiti
585 2027 741 2109 sanguiue
756 2027 907 2090 vultusi’

368 2290 500 2333 nucum
523 2291 678 2333 curuum>
701 2290 741 2333 ΤΟ
765 2292 786 2333 Α
808 2289 882 2333 DOG.

153 2446 256 2526 Dixit,
273 2457 305 2510 et
320 2445 360 2510 ad
384 2421 577 2530 litus‘passu
594 2446 746 2529 processit
761 2445 849 2524 anili,
1081 2444 1145 2508 630

108 2551 264 2617 Albentes
279 2553 416 2615 lacerata
430 2571 548 2615 comas.
596 2551 708 2629 ‘Date,
726 2551 881 2629 Troades,
899 2552 1034 2629 umam,’

109 2656 242 2720 Dixerat
258 2655 381 2734 infelix,
398 2655 535 2736 liquidas
551 2657 690 2718 hauriret
706 2665 742 2718 ut
758 2655 879 2717 undas:

109 2761 254 2842 Adspicit
270 2759 409 2839 ejectum
426 2760 578 2841 Polydori
595 2760 628 2822 in
645 2760 735 2822 litore
751 2778 876 2841 corpus,

109 2863 272 2945 Factaque
290 2864 453 2927 Threiciis
468 2864 612 2946 ingentia
627 2864 762 2926 vulnera
776 2865 858 2926 telis.

110 2969 255 3033 Troades
270 2967 471 3047 exclamant3
493 2969 654 3031 obmutuit
670 2969 725 3031 illa
739 2968 857 3046 dolore,
1081 2965 1146 3028 535

110 3075 154 3138 Et
172 3075 285 3157 pariter
300 3093 414 3136 vocem
430 3074 652 3154 lacrymasque
669 3073 822 3136 introrsus
838 3073 965 3136 obortas

109 3178 249 3242 Devorat
265 3180 331 3261 ipse
347 3178 458 3258 dolor;
482 3177 624 3260 duroque
641 3178 806 3241 simillima
820 3197 899 3241 saxo

110 3283 242 3366 Torpet,
260 3297 292 3346 et
307 3283 441 3346 adversi
453 3283 523 3364 figit
539 3282 637 3345 modi)
653 3283 778 3345 lumina
793 3283 893 3363 terrh;

109 3389 276 3452 Interdum
293 3399 399 3451 torvos
414 3388 540 3450 extollit
555 3387 596 3449 ad
612 3387 733 3450 aethera
747 3388 879 3468 vultus;

109 3491 203 3556 Nunc
221 3494 315 3576 positi
331 3503 452 3574 spectat
469 3493 606 3570 vultum,
624 3492 861 3556 nunevulnera
876 3493 953 3570 nati,
1081 3489 1148 3554 ⁵40

110 3597 251 3662 Vulnera
266 3599 424 3680 praecipue
437 3618 445 3676 ;
469 3615 566 3678 seque
582 3607 682 3666 armat
697 3607 730 3658 et
747 3598 874 3661 iustruit
890 3597 945 3660 irie

110 3700 189 3770 Qun
203 3701 301 3766 simul
315 3701 443 3780 exarsit,
460 3711 613 3782 tanquam
628 3704 737 3784 regina
757 3713 909 3783 maneret,
