2636 4178
137 221 199 285 128
432 245 550 296 ovru’s
571 245 891 296 umnuonruosus.

135 397 182 460 ‘O
197 397 280 461 mihi
296 397 335 460 de
351 397 456 462 fratris
470 399 567 484 longe
582 400 759 483 gratissime
775 400 868 480 natis,

133 504 225 566 Irrita
239 504 294 585 qui
309 523 439 568 mecum
455 505 588 588 posuisti
607 507 728 568 moeuia
744 505 863 586 Trojae,
1106 505 1169 570 115

134 608 272 688 Ecquid,
291 609 347 671 ubi
363 610 421 672 has
433 608 567 690 jamjam
582 631 708 673 casuras
724 611 861 692 adspicis
876 630 975 689 atroce,

133 714 286 795 Ingemirr,
303 725 358 777 aut
374 715 489 794 ecquid
506 727 553 778 tot
569 714 775 778 defendentia
790 736 898 778 mrrros

133 819 237 882 Millia
251 840 336 882 caesa
350 819 463 882 doles?
486 820 611 900 ecquid,
628 840 668 882 ne
686 841 852 903 persequar
868 840 989 899 omnes,

133 924 284 988 Hectoris
301 926 414 988 umbra
427 926 514 988 subit
531 927 652 989 circum
667 946 725 988 sua
740 926 896 1008 Pergama
911 925 1011 1006 tracti,

132 1031 215 1092 Cirm
231 1041 340 1092 tamen
357 1031 409 1092 ille
426 1030 516 1093 ferox
530 1031 679 1112 belloque
696 1033 856 1095 cruentior
873 1031 941 1113 ipso
1105 1031 1167 1096 120

133 1135 222 1198 Vivit
238 1135 354 1213 adhuc,
372 1122 474 1218 operis
491 1137 590 1198 nostri
606 1136 782 1220 populator,
799 1136 967 1200 Achilles?

135 1239 198 1302 Det
216 1241 296 1302 mihi
312 1261 366 1303 se:
392 1240 477 1320 faxo,
494 1242 610 1324 triplici
626 1242 703 1322 quid
719 1242 850 1324 cuspide
867 1242 996 1324 possim,

133 1345 268 1408 Sentiat.
316 1346 359 1408 At
375 1347 526 1426 quoniam
542 1367 728 1409 concurrere
743 1346 891 1410 cominus
907 1347 992 1432 hosti

133 1451 205 1513 Non
222 1450 323 1529 datur,
341 1451 468 1514 occulta
483 1453 679 1535 necopinum
695 1451 790 1536 perde
806 1453 943 1533 sagittis.²

178 1555 310 1635 Annuit,
327 1568 422 1637 atquo
439 1558 548 1620 auimo
564 1558 678 1640 pariter
694 1557 859 1640 patruique
876 1577 998 1638 suoque
1106 1557 1168 1619 125

133 1661 246 1724 Delius
262 1661 443 1743 indulgens
461 1661 581 1725 nebulai
596 1661 720 1724 velatus
737 1662 769 1724 in
785 1682 903 1743 agmen

133 1766 283 1828 Pervenit
299 1767 444 1845 Iliacum,
461 1767 630 1847 mediaque
647 1767 679 1830 in
695 1767 783 1831 caede
801 1768 941 1830 virorum

133 1871 217 1932 Rara
234 1891 287 1952 per
303 1871 430 1950 ignotos
445 1881 648 1953 spargentem
665 1874 766 1935 ceruit
782 1873 925 1934 Achivos

134 1976 218 2037 Tela
234 1975 338 2052 Parin,
355 1974 521 2056 fassusque
537 1975 646 2055 deum,
673 1977 783 2045 ‘Quid
800 1977 922 2058 spicula
938 1975 1039 2058 perdis

134 2080 299 2161 Sanguine
316 2079 417 2162 plebis
428 2081 459 2158 ξ’
475 2081 530 2144 ait.
578 2081 635 2144 ‘Si
651 2102 714 2162 qua
729 2094 776 2144 est
790 2082 848 2144 tibi
861 2102 936 2145 cura
946 2092 1083 2159 tuorum,
1104 2077 1167 2141 130

133 2184 261 2248 Vertere
278 2185 311 2246 in
327 2184 494 2265 AEaciden,
511 2206 675 2268 caesosque
692 2187 844 2250 ulciscere
861 2186 990 2250 fratres!

132 2290 235 2368 Dixit,
253 2301 294 2368 et,
312 2290 484 2353 ostendens
500 2303 695 2356 sternentem
713 2294 837 2356 Troica
851 2291 932 2356 ferro

131 2395 271 2478 Corpora
286 2395 429 2475 Peliden,
445 2416 537 2459 arcus
554 2397 690 2460 obvertit
707 2398 740 2482 in
756 2398 858 2477 illurn,

131 2503 287 2580 Certaque
303 2499 427 2563 letiferi
441 2500 557 2564 direxit
573 2502 696 2584 spicula
710 2502 830 2566 dextri.

132 2606 233 2675 Quod
251 2605 396 2668 Priamus
412 2606 550 2688 gaudere
567 2589 667 2672 senex
682 2619 753 2690 post
771 2607 913 2671 Hectora
929 2619 1045 2690 posset,
1106 2603 1168 2666 135

131 2711 205 2774 Hoc
221 2710 292 2773 fuit.
341 2711 399 2774 Ille
416 2711 514 2792 igitur
529 2723 693 2775 tantorum
710 2713 821 2791 victor,
839 2712 976 2791 Achille,

131 2815 244 2878 Victus
259 2836 293 2877 es
309 2835 329 2877 a
345 2816 458 2878 timido
473 2816 579 2879 Graiae
595 2828 718 2899 raptore
735 2818 873 2879 maritae!

131 2923 174 2982 Ar
196 2916 224 2979 si
245 2917 387 2982 femineo
402 2918 504 2982 fuerat
523 2921 580 2983 tibi
596 2921 698 2984 Marte
713 2921 907 2998 cadendum,

132 3023 428 3087 Thermodontiaco
444 3025 556 3086 malles
571 3025 725 3104 cecidisse
742 3025 884 3109 bipenni.

173 3131 193 3194 J
195 3150 247 3192 am
264 3129 358 3192 timor
374 3128 427 3192 ille
443 3129 622 3212 Phrygum,
639 3131 738 3194 decus
754 3143 786 3194 et
803 3129 906 3194 tutela
921 3128 1050 3212 Pelasgi
1103 3127 1167 3190 140

129 3234 287 3315 Nominis,
304 3233 465 3312 AEacides,
479 3248 575 3318 caput
591 3235 805 3318 insuperabile
822 3237 918 3316 bello,

130 3343 276 3404 Arsarat:
300 3341 434 3403 armarat
450 3339 531 3402 deus
547 3340 643 3422 idem,
660 3341 810 3422 idemque
826 3341 991 3405 cremarat.

129 3445 201 3508 Jam
217 3445 298 3507 cinis
313 3456 371 3524 est,
385 3456 417 3520 et
432 3445 472 3507 de
488 3455 554 3508 tam
570 3465 688 3528 magno
704 3457 802 3510 restat
818 3445 946 3524 Achille

128 3549 245 3614 Nescio
261 3549 348 3629 quid,
366 3570 495 3630 parvam
513 3551 599 3631 quod
615 3570 681 3614 non
699 3553 780 3614 bene
797 3551 957 3632 compleat
974 3568 1098 3612 urnam.

129 3655 172 3716 At
188 3654 280 3732 vivit,
299 3663 402 3716 toturn
418 3673 490 3735 quae
508 3656 610 3738 gloria
625 3657 783 3740 compleat
800 3655 931 3719 orbem:
1106 3651 1171 3720 145
