2636 4178
142 222 204 288 160
423 239 541 296 ovrns
561 233 882 296 uerrucaruosna.

140 395 258 462 Omnia
271 406 446 475 mutentur,
462 394 544 458 nihil
560 393 677 456 interit.
725 391 828 469 Errat,
844 400 876 454 et
892 389 983 455 illinc

140 503 217 569 Huc
232 502 333 578 venit,
348 502 426 564 hinc
443 499 530 579 illuc,
545 511 578 562 et
593 498 906 582 quoslibetoccupat
921 505 1010 561 enus

141 607 289 690 Spiritus,
305 607 387 688 eque
403 605 478 670 feris
493 605 635 668 humana
649 603 684 666 in
698 616 829 684 corpora
844 602 966 682 transit,

141 714 242 793 Inque
258 711 340 775 feras
355 689 472 789 noster,
488 727 549 774 nec
565 719 706 790 tempore
722 707 844 790 deperit
860 707 936 770 ullo.

142 817 248 901 thue
265 817 357 880 novis
372 815 476 880 facilis
490 816 635 897 signatur
649 828 722 878 cere
736 812 857 894 figuris,
1115 811 1179 878 110

140 922 209 985 Nec
225 933 344 1000 manet,
361 933 397 985 ut
413 920 526 996 fuerat,
543 939 603 983 nec
619 916 737 981 formas
753 927 857 981 serrat
872 916 1012 996 easdem,

143 1027 210 1092 Sed
224 1039 333 1091 tamen
349 1026 417 1109 ipsa
431 1024 544 1088 eadem
560 1032 630 1086 est:
649 1022 794 1086 'enimam
809 1021 857 1084 sic
872 1041 997 1105 semper
1011 1022 1148 1088 eandem

143 1135 234 1208 Esse,
250 1131 307 1194 sed
323 1131 356 1194 iu
373 1130 475 1194 varias
489 1129 591 1192 doceo
607 1127 742 1209 migrare
759 1126 887 1208 figuras.

143 1239 241 1319 Ergo,
258 1256 298 1299 ne
315 1236 416 1320 pietas
430 1236 471 1298 sit
485 1235 573 1298 victa
587 1232 738 1316 cupidine
755 1232 885 1311 ventris,

142 1343 276 1420 Parcite,
293 1340 458 1420 vaticinor,
474 1348 627 1422 cognatas
641 1319 734 1402 caeda
746 1335 887 1402 nefandi
1118 1341 1180 1402 115

144 1447 323 1520 Exturbare
339 1445 473 1524 animas,
488 1463 549 1508 nec
564 1443 720 1525 sanguine
736 1441 868 1523 sanguis
882 1442 993 1536 alatur.

188 1657 242 1736 Et,
258 1655 410 1739 quoniam
425 1673 544 1737 magno
558 1651 641 1717 feror
655 1671 792 1732 eequore,
809 1651 965 1736 plenaque
982 1654 1087 1718 ventis

143 1763 223 1826 Vela
238 1761 334 1825 dedi:
358 1759 440 1823 nihil
455 1770 505 1822 est
520 1769 587 1845 toto
603 1757 823 1840 quodperstet
838 1757 873 1820 in
888 1758 974 1837 orbe,

143 1869 270 1930 Cuncta
284 1865 400 1944 fluunt,
417 1863 585 1944 omnisque
601 1881 724 1944 vagans
739 1860 892 1928 formatur
906 1863 1019 1943 imago.

144 1972 218 2052 lpsa
232 1969 359 2050 quisque
375 1967 503 2032 assiduo
518 1968 669 2030 labuntur
684 1977 827 2050 tempora
842 1977 939 2044 motu,
1112 1966 1178 2029 120

143 2075 217 2138 Non
232 2075 324 2137 secus
338 2093 375 2136 ec
391 2073 533 2139 flumen:
558 2091 662 2154 neque
677 2073 765 2135 enim
781 2071 951 2135 consistere
966 2071 1099 2150 flumen,

143 2179 212 2243 Nec
227 2178 309 2241 levis
324 2179 402 2242 hora
417 2188 543 2261 potest;
567 2176 634 2257 sed,
651 2187 687 2240 ut
703 2177 790 2240 unda
806 2176 979 2260 impellitur
996 2175 1094 2256 unda,

146 2285 347 2366 Urgeturque
362 2281 476 2346 eadem
487 2282 632 2362 veniens,
648 2293 805 2364 urgetque
821 2283 968 2364 priorem,

145 2389 309 2472 Tempora
323 2389 369 2452 sie
385 2386 515 2469 fugiunt
530 2388 654 2470 pariter,
671 2389 847 2470 pariterque
863 2399 1049 2468 sequuntur,

146 2496 190 2558 Et
200 2505 367 2560 novasunt
378 2512 520 2576 semper3
536 2491 1180 2574 namquodsuitante,relictumest,125

145 2599 275 2682 Fitque,
291 2599 378 2682 quod
393 2599 480 2664 haud
495 2597 610 2677 fuerat,
626 2608 853 2678 momentaque
869 2608 989 2660 cuncte
1003 2608 1170 2661 novantur.

146 2708 258 2771 Cernis
272 2718 305 2769 et
319 2725 457 2768 emersas
473 2704 506 2766 in
522 2704 629 2767 lucem
645 2702 775 2766 tendere
791 2715 914 2781 noctes,
946 2735 950 2744 ·

147 2813 191 2876 Et
203 2810 298 2892 jubar
313 2811 376 2872 hoc
392 2808 531 2872 nitidum
547 2808 649 2890 nigrae
664 2807 835 2870 succedere
851 2807 949 2870 nocti.

146 2917 214 2980 Nec
229 2915 316 2978 color
331 2925 379 2978 est
396 2913 482 2976 idern
497 2912 591 2991 coelo,
607 2913 681 2976 ciun
696 2911 780 2976 lassa
794 2912 901 2993 quiete

147 3023 274 3085 Cuncta
285 3018 394 3100 jacent
410 3017 526 3095 medis,
542 3017 678 3097 cumque
694 3017 768 3080 albo
785 3015 916 3080 Lucifer
930 3016 998 3080 exit
1122 3014 1184 3078 130

130 3104 259 3191 ‘clarus
274 3145 368 3205 equo,
384 3119 571 3203 rursumque
586 3120 678 3200 alius,
694 3121 767 3185 curn
783 3121 903 3203 praevia
917 3119 984 3184 luci

148 3231 359 3294 Tredendum
377 3228 499 3291 Phoebo
515 3225 690 3288 Pallantias
706 3225 810 3290 inficit
826 3227 946 3290 orbern.

147 3338 219 3418 Ipse
235 3337 286 3398 dei
303 3335 446 3416 clypeus,
463 3330 632 3394 terricum
649 3331 771 3394 tollitur
788 3330 863 3409 imi,

147 3441 243 3504 Mans
260 3441 360 3517 rubet,
377 3437 534 3517 terraque,
549 3436 652 3514 rubet,
668 3435 745 3501 crim
761 3436 911 3500 conditur
926 3436 1001 3514 imi,

147 3543 312 3608 Candidus
328 3544 361 3605 in
376 3561 505 3606 summo
520 3552 590 3605 est:
614 3539 728 3603 melior
743 3552 858 3604 natura
872 3540 960 3621 quud
976 3539 1042 3603 illic
1123 3537 1185 3603 135

147 3648 290 3714 AEtlreris
304 3657 363 3724 est,
379 3656 532 3726 terreque
548 3645 658 3727 procul
673 3645 824 3728 contagia
838 3643 931 3727 sugit
