2646 4176
607 241 707 294 soon
729 243 778 316 iq.
1169 221 1210 286 51

164 400 283 464 Turba
291 397 419 479 sureus3
433 409 561 462 cunctae
569 399 699 478 coeunt,
710 397 935 482 trepidumque
942 407 1130 478 sequuntur,
1147 395 1212 462 300

168 506 241 569 Jam
256 503 431 586 trepidum,
445 502 514 584 jam
531 504 630 566 verba
644 503 751 568 minus
766 503 911 567 violenta
926 503 1123 584 loquentem,

172 611 244 674 lam
258 630 291 673 se
307 609 530 690 damnantem,
542 607 612 690 jam
628 628 662 672 se
678 629 827 692 peccasse
845 607 1009 689 fatentem,

176 714 310 778 Saucius
326 715 381 778 ille
398 726 519 792 tamen,
537 715 621 778 ‘Fer
636 733 741 798 opem,
758 717 947 794 matertera’
965 713 1059 795 dixit,

177 821 361 900 ‘Auton063
385 829 539 883 moveant
554 820 681 882 animos
697 821 862 883 Actaeonis
878 820 1024 882 umbrae.’

172 925 241 1004 Illa,
258 925 336 1006 quid
352 928 499 1004 Actaeon,
516 927 618 988 nescit
632 946 640 1006 3
664 924 874 1004 dextramque
891 925 1050 1007 precantis
1148 923 1214 988 305

167 1011 335 1095 Abstulit:
361 1032 441 1093 Inoo
457 1031 594 1094 lacerate
608 1040 656 1093 est
672 1030 770 1093 altera
784 1042 886 1112 raptu.

164 1137 243 1200 Non
259 1136 360 1198 habet
375 1135 498 1214 infelix,
515 1155 587 1215 quae
603 1135 695 1198 matri
712 1135 843 1199 brachia
858 1135 979 1215 tendat,

167 1242 308 1304 Trunca
322 1241 379 1302 sed
395 1241 566 1304 ostendens
582 1238 724 1320 disjectis
740 1261 871 1323 corpora
886 1241 1050 1318 membris,

170 1347 342 1429 ‘Adspice,
359 1348 481 1424 mater,’
498 1346 551 1408 ait.
603 1346 685 1409 Visis
701 1346 837 1410 ululavit
853 1348 966 1429 Agave

175 1451 326 1530 Collaque
338 1449 483 1530 jactavit,
502 1450 690 1530 crinemque
714 1469 770 1532 per
786 1453 860 1513 abra
874 1451 1000 1532 mcvit3
1148 1449 1214 1515 310

179 1555 395 1636 Avulsnmque
411 1566 508 1639 caput
524 1554 636 1637 digitis
650 1554 823 1636 complexa
836 1556 978 1618 cruentis

108 1715 110 1720 .
181 1659 313 1739 Clamat,
331 1662 384 1723 ‘lo
400 1661 547 1740 comites,
564 1679 645 1742 opus
662 1659 732 1722 haec
748 1659 884 1722 victoria
897 1673 1045 1723 nostrum
1059 1661 1131 1722 est!
1186 1695 1191 1704 ·

173 1763 249 1829 Non
263 1763 354 1829 citiiis
370 1765 499 1829 frondes
514 1765 663 1828 autumni
678 1763 922 1847 frigoretactas,

168 1871 309 1952 Jamque
324 1871 409 1936 male
424 1872 584 1936 haerentes
599 1870 665 1934 alta
679 1872 759 1954 rapit
775 1871 885 1934 arbore
902 1882 1029 1952 ventus,

170 1975 285 2044 Quem
301 1989 376 2041 sunt
393 1978 537 2040 membra
552 1976 613 2040 viri
629 1977 779 2040 manibus
793 1976 918 2060 direpta
932 1976 1090 2040 nefandis.
1149 1976 1215 2041 315

215 2081 358 2148 Talibus
373 2083 531 2164 exemplis
546 2083 679 2148 monitae
695 2101 779 2146 nova
794 2102 883 2146 saera
898 2081 1113 2165 frequentant,

172 2185 328 2269 Tutaque
344 2187 432 2269 dant,
448 2197 638 2268 sanctasque
654 2187 766 2251 colunt
782 2187 962 2252 Ismenides
978 2208 1056 2252 aras

562 2741 714 2808 BOOK
752 2737 825 2806 IV.

501 2971 655 3046 emenus
671 3003 736 3044 nun
758 3001 888 3045 nfflsnn.

638 3141 667 3183 v.
692 3122 745 3183 65.

171 3239 334 3324 Pyramus
348 3252 381 3305 et
396 3241 535 3321 Thisbe,
548 3238 707 3322 juvenum
723 3242 958 3327 pulcherrimus
972 3243 1063 3324 alter,

171 3346 295 3427 Altera,
309 3365 390 3428 quas
405 3347 520 3412 Oriens
535 3346 660 3427 habuit,
677 3347 808 3430 praelata
823 3348 948 3432 puellis,

173 3449 356 3534 uonugm
369 3453 503 3518 tenuere
519 3452 643 3532 domos,
662 3453 718 3516 ubi
734 3451 851 3517 dicitur
865 3453 964 3517 altam

172 3556 358 3622 Gentilibus
371 3559 472 3621 muris
487 3559 627 3623 cinxisse
645 3557 832 3622 Semiramis
847 3558 970 3622 urbem.

105 3662 121 3695 *
172 3659 529 3747 uastissimosque
546 3661 664 3746 gradus
678 3661 910 3743 viciniat'ecit3
963 3707 969 3718 -
