<?xml version="1.0" encoding="UTF-8"?>
<!DOCTYPE html PUBLIC "-//W3C//DTD XHTML 1.0 Transitional//EN"
    "http://www.w3.org/TR/xhtml1/DTD/xhtml1-transitional.dtd">
<html xmlns="http://www.w3.org/1999/xhtml" xml:lang="en" lang="en">
 <head>
  <title>
</title>
<meta http-equiv="Content-Type" content="text/html;charset=utf-8" />
  <meta name='ocr-system' content='tesseract 3.04.00' />
  <meta name='ocr-capabilities' content='ocr_page ocr_carea ocr_par ocr_line ocrx_word'/>
</head>
<body>
  <div class='ocr_page' id='page_1' title='image "./selectionsfromm00ovidgoog_0020.png"; bbox 0 0 2646 4176; ppageno 0'>
   <div class='ocr_carea' id='block_1_1' title="bbox 572 245 1172 320">
    <p class='ocr_par' dir='ltr' id='par_1_1' title="bbox 572 245 1172 320">
     <span class='ocr_line' id='line_1_1' title="bbox 572 245 1172 320; baseline 0.003 -1"><span class='ocrx_word' id='word_1_1' title='bbox 572 267 673 320; x_wconf 80' lang='lat' dir='ltr'>aoou</span> <span class='ocrx_word' id='word_1_2' title='bbox 694 269 717 320; x_wconf 78' lang='lat' dir='ltr'>r</span> <span class='ocrx_word' id='word_1_3' title='bbox 1133 245 1172 307; x_wconf 89' lang='lat'>11</span> 
     </span>
    </p>
   </div>
   <div class='ocr_carea' id='block_1_2' title="bbox 124 421 1173 930">
    <p class='ocr_par' dir='ltr' id='par_1_2' title="bbox 124 421 1173 614">
     <span class='ocr_line' id='line_1_2' title="bbox 124 421 1173 508; baseline -0.004 -18"><span class='ocrx_word' id='word_1_4' title='bbox 124 427 294 508; x_wconf 76' lang='lat' dir='ltr'>Cornaque</span> <span class='ocrx_word' id='word_1_5' title='bbox 311 434 345 488; x_wconf 88' lang='lat' dir='ltr'>et</span> <span class='ocrx_word' id='word_1_6' title='bbox 360 423 396 488; x_wconf 89' lang='lat' dir='ltr'>in</span> <span class='ocrx_word' id='word_1_7' title='bbox 412 423 501 488; x_wconf 89' lang='lat' dir='ltr'>duris</span> <span class='ocrx_word' id='word_1_8' title='bbox 515 425 673 490; x_wconf 86' lang='lat' dir='ltr'>baerentia</span> <span class='ocrx_word' id='word_1_9' title='bbox 688 443 778 490; x_wconf 89' lang='lat' dir='ltr'>mora</span> <span class='ocrx_word' id='word_1_10' title='bbox 791 425 913 490; x_wconf 81' lang='lat' dir='ltr'>rubetis</span> <span class='ocrx_word' id='word_1_11' title='bbox 1108 421 1173 487; x_wconf 79' lang='lat'>105</span> 
     </span>
     <span class='ocr_line' id='line_1_3' title="bbox 129 529 1006 614; baseline -0.001 -20"><span class='ocrx_word' id='word_1_12' title='bbox 129 531 185 612; x_wconf 82' lang='lat' dir='ltr'>Et,</span> <span class='ocrx_word' id='word_1_13' title='bbox 202 551 271 612; x_wconf 83' lang='lat' dir='ltr'>quae</span> <span class='ocrx_word' id='word_1_14' title='bbox 286 530 476 595; x_wconf 80' lang='lat' dir='ltr'>deciderant</span> <span class='ocrx_word' id='word_1_15' title='bbox 492 529 603 612; x_wconf 82' lang='lat' dir='ltr'>potult</span> <span class='ocrx_word' id='word_1_16' title='bbox 618 531 710 594; x_wconf 86' lang='lat' dir='ltr'>Jovis</span> <span class='ocrx_word' id='word_1_17' title='bbox 725 531 846 610; x_wconf 87' lang='lat' dir='ltr'>arbore,</span> <span class='ocrx_word' id='word_1_18' title='bbox 863 530 1006 614; x_wconf 83' lang='lat' dir='ltr'><strong>glandes.</strong></span> 
     </span>
    </p>

    <p class='ocr_par' dir='ltr' id='par_1_3' title="bbox 133 634 957 718">
     <span class='ocr_line' id='line_1_4' title="bbox 133 634 957 718; baseline 0 -18"><span class='ocrx_word' id='word_1_19' title='bbox 133 635 194 700; x_wconf 81' lang='lat' dir='ltr'>Ver</span> <span class='ocrx_word' id='word_1_20' title='bbox 208 647 271 700; x_wconf 89' lang='lat' dir='ltr'>erat</span> <span class='ocrx_word' id='word_1_21' title='bbox 286 647 456 715; x_wconf 77' lang='lat' dir='ltr'>aeternum,</span> <span class='ocrx_word' id='word_1_22' title='bbox 475 634 655 718; x_wconf 87' lang='lat' dir='ltr'>placidique</span> <span class='ocrx_word' id='word_1_23' title='bbox 671 635 857 718; x_wconf 86' lang='lat' dir='ltr'>tepentibus</span> <span class='ocrx_word' id='word_1_24' title='bbox 871 635 957 702; x_wconf 85' lang='lat' dir='ltr'>euris</span> 
     </span>
    </p>

    <p class='ocr_par' dir='ltr' id='par_1_4' title="bbox 134 739 938 824">
     <span class='ocr_line' id='line_1_5' title="bbox 134 739 938 824; baseline -0.004 -19"><span class='ocrx_word' id='word_1_25' title='bbox 134 741 316 806; x_wconf 80' lang='lat' dir='ltr'>Mulcebcnt</span> <span class='ocrx_word' id='word_1_26' title='bbox 336 741 485 824; x_wconf 85' lang='lat' dir='ltr'>Zephyri</span> <span class='ocrx_word' id='word_1_27' title='bbox 500 751 594 804; x_wconf 88' lang='lat' dir='ltr'>natos</span> <span class='ocrx_word' id='word_1_28' title='bbox 609 739 679 804; x_wconf 89' lang='lat' dir='ltr'>sine</span> <span class='ocrx_word' id='word_1_29' title='bbox 695 742 819 804; x_wconf 86' lang='lat' dir='ltr'>semine</span> <span class='ocrx_word' id='word_1_30' title='bbox 835 741 938 806; x_wconf 87' lang='lat' dir='ltr'>flores.</span> 
     </span>
    </p>

    <p class='ocr_par' dir='ltr' id='par_1_5' title="bbox 129 845 845 930">
     <span class='ocr_line' id='line_1_6' title="bbox 129 845 845 930; baseline -0.001 -19"><span class='ocrx_word' id='word_1_31' title='bbox 129 845 206 911; x_wconf 85' lang='lat' dir='ltr'>Mox</span> <span class='ocrx_word' id='word_1_32' title='bbox 222 847 324 911; x_wconf 89' lang='lat' dir='ltr'>etiam</span> <span class='ocrx_word' id='word_1_33' title='bbox 338 845 448 930; x_wconf 87' lang='lat' dir='ltr'>fruges</span> <span class='ocrx_word' id='word_1_34' title='bbox 464 846 561 910; x_wconf 86' lang='lat' dir='ltr'>tellus</span> <span class='ocrx_word' id='word_1_35' title='bbox 576 847 699 910; x_wconf 85' lang='lat' dir='ltr'>inorata</span> <span class='ocrx_word' id='word_1_36' title='bbox 713 845 845 926; x_wconf 83' lang='lat' dir='ltr'>serebat,</span> 
     </span>
    </p>
   </div>
   <div class='ocr_carea' id='block_1_3' title="bbox 19 949 1173 1035">
    <p class='ocr_par' dir='ltr' id='par_1_6' title="bbox 19 949 1173 1035">
     <span class='ocr_line' id='line_1_7' title="bbox 19 949 1173 1035; baseline -0.001 -19"><span class='ocrx_word' id='word_1_37' title='bbox 19 1023 20 1026; x_wconf 8' lang='grc' dir='ltr'><strong>Ἴ</strong></span> <span class='ocrx_word' id='word_1_38' title='bbox 127 951 195 1016; x_wconf 91' lang='lat' dir='ltr'>Nec</span> <span class='ocrx_word' id='word_1_39' title='bbox 210 963 386 1016; x_wconf 86' lang='lat' dir='ltr'>renovatus</span> <span class='ocrx_word' id='word_1_40' title='bbox 400 971 477 1035; x_wconf 85' lang='lat' dir='ltr'>ager</span> <span class='ocrx_word' id='word_1_41' title='bbox 491 951 633 1034; x_wconf 84' lang='lat' dir='ltr'>gravidis</span> <span class='ocrx_word' id='word_1_42' title='bbox 648 953 786 1016; x_wconf 78' lang='lat' dir='ltr'>canebat</span> <span class='ocrx_word' id='word_1_43' title='bbox 801 953 915 1016; x_wconf 84' lang='lat' dir='ltr'>aristis.</span> <span class='ocrx_word' id='word_1_44' title='bbox 1109 949 1173 1016; x_wconf 89' lang='lat'>110</span> 
     </span>
    </p>
   </div>
   <div class='ocr_carea' id='block_1_4' title="bbox 41 1055 1174 1668">
    <p class='ocr_par' dir='ltr' id='par_1_7' title="bbox 129 1055 985 1139">
     <span class='ocr_line' id='line_1_8' title="bbox 129 1055 985 1139; baseline 0 -17"><span class='ocrx_word' id='word_1_45' title='bbox 129 1058 287 1122; x_wconf 83' lang='lat' dir='ltr'>Flumina</span> <span class='ocrx_word' id='word_1_46' title='bbox 297 1055 366 1138; x_wconf 90' lang='lat' dir='ltr'>jam</span> <span class='ocrx_word' id='word_1_47' title='bbox 381 1057 484 1136; x_wconf 85' lang='lat' dir='ltr'>lactis,</span> <span class='ocrx_word' id='word_1_48' title='bbox 496 1056 565 1139; x_wconf 87' lang='lat' dir='ltr'>jam</span> <span class='ocrx_word' id='word_1_49' title='bbox 581 1057 718 1122; x_wconf 85' lang='lat' dir='ltr'>flumina</span> <span class='ocrx_word' id='word_1_50' title='bbox 733 1059 870 1122; x_wconf 84' lang='lat' dir='ltr'>nectaria</span> <span class='ocrx_word' id='word_1_51' title='bbox 885 1058 985 1138; x_wconf 85' lang='lat' dir='ltr'>ibant,</span> 
     </span>
    </p>

    <p class='ocr_par' dir='ltr' id='par_1_8' title="bbox 128 1162 859 1246">
     <span class='ocr_line' id='line_1_9' title="bbox 128 1162 859 1246; baseline -0.001 -19"><span class='ocrx_word' id='word_1_52' title='bbox 128 1165 297 1246; x_wconf 83' lang='lat' dir='ltr'>Flavaque</span> <span class='ocrx_word' id='word_1_53' title='bbox 313 1164 353 1226; x_wconf 91' lang='lat' dir='ltr'>de</span> <span class='ocrx_word' id='word_1_54' title='bbox 370 1163 466 1227; x_wconf 86' lang='lat' dir='ltr'>viridi</span> <span class='ocrx_word' id='word_1_55' title='bbox 481 1163 646 1228; x_wconf 85' lang='lat' dir='ltr'>stillabant</span> <span class='ocrx_word' id='word_1_56' title='bbox 662 1162 737 1228; x_wconf 88' lang='lat' dir='ltr'>ilice</span> <span class='ocrx_word' id='word_1_57' title='bbox 752 1163 859 1228; x_wconf 84' lang='lat' dir='ltr'>mella</span> 
     </span>
    </p>

    <p class='ocr_par' dir='ltr' id='par_1_9' title="bbox 139 1268 1029 1351">
     <span class='ocr_line' id='line_1_10' title="bbox 139 1268 1029 1351; baseline -0.001 -19"><span class='ocrx_word' id='word_1_58' title='bbox 139 1279 141 1285; x_wconf 83' lang='grc'><em>’</em></span> <span class='ocrx_word' id='word_1_59' title='bbox 171 1270 359 1351; x_wconf 85' lang='lat' dir='ltr'>Postquam,</span> <span class='ocrx_word' id='word_1_60' title='bbox 378 1269 518 1332; x_wconf 86' lang='lat' dir='ltr'>Saturno</span> <span class='ocrx_word' id='word_1_61' title='bbox 532 1269 703 1333; x_wconf 87' lang='lat' dir='ltr'>tenebrosa</span> <span class='ocrx_word' id='word_1_62' title='bbox 718 1269 752 1332; x_wconf 93' lang='lat' dir='ltr'>in</span> <span class='ocrx_word' id='word_1_63' title='bbox 769 1268 905 1334; x_wconf 81' lang='lat' dir='ltr'>Tartara</span> <span class='ocrx_word' id='word_1_64' title='bbox 919 1268 1029 1349; x_wconf 86' lang='lat' dir='ltr'>misso,</span> 
     </span>
    </p>

    <p class='ocr_par' dir='ltr' id='par_1_10' title="bbox 133 1373 978 1459">
     <span class='ocr_line' id='line_1_11' title="bbox 133 1373 978 1459; baseline 0 -21"><span class='ocrx_word' id='word_1_65' title='bbox 133 1375 201 1439; x_wconf 81' lang='lat' dir='ltr'>Sub</span> <span class='ocrx_word' id='word_1_66' title='bbox 218 1376 298 1438; x_wconf 87' lang='lat' dir='ltr'>Jove</span> <span class='ocrx_word' id='word_1_67' title='bbox 315 1373 456 1438; x_wconf 89' lang='lat' dir='ltr'>mundus</span> <span class='ocrx_word' id='word_1_68' title='bbox 471 1385 559 1455; x_wconf 81' lang='lat' dir='ltr'>erat3</span> <span class='ocrx_word' id='word_1_69' title='bbox 583 1374 682 1439; x_wconf 87' lang='lat' dir='ltr'>subiit</span> <span class='ocrx_word' id='word_1_70' title='bbox 697 1385 851 1457; x_wconf 87' lang='lat' dir='ltr'>argentea</span> <span class='ocrx_word' id='word_1_71' title='bbox 865 1376 978 1459; x_wconf 88' lang='lat' dir='ltr'>proles,</span> 
     </span>
    </p>

    <p class='ocr_par' dir='ltr' id='par_1_11' title="bbox 41 1477 1174 1668">
     <span class='ocr_line' id='line_1_12' title="bbox 41 1477 1174 1564; baseline 0 -22"><span class='ocrx_word' id='word_1_72' title='bbox 41 1533 43 1542; x_wconf 84' lang='lat'>.</span> <span class='ocrx_word' id='word_1_73' title='bbox 140 1481 224 1542; x_wconf 75' lang='lat' dir='ltr'>duro</span> <span class='ocrx_word' id='word_1_74' title='bbox 239 1480 381 1559; x_wconf 79' lang='lat' dir='ltr'>(laterior,</span> <span class='ocrx_word' id='word_1_75' title='bbox 397 1479 489 1544; x_wconf 81' lang='lat' dir='ltr'>fulvo</span> <span class='ocrx_word' id='word_1_76' title='bbox 505 1479 672 1564; x_wconf 90' lang='lat' dir='ltr'>pretiosior</span> <span class='ocrx_word' id='word_1_77' title='bbox 687 1499 761 1543; x_wconf 79' lang='lat' dir='ltr'>aere.</span> <span class='ocrx_word' id='word_1_78' title='bbox 1109 1477 1174 1542; x_wconf 82' lang='lat'>115</span> 
     </span>
     <span class='ocr_line' id='line_1_13' title="bbox 141 1583 838 1668; baseline 0.003 -22"><span class='ocrx_word' id='word_1_79' title='bbox 141 1583 264 1667; x_wconf 83' lang='lat' dir='ltr'>Jupiter</span> <span class='ocrx_word' id='word_1_80' title='bbox 277 1586 392 1668; x_wconf 85' lang='lat' dir='ltr'>antiqui</span> <span class='ocrx_word' id='word_1_81' title='bbox 407 1585 568 1649; x_wconf 82' lang='lat' dir='ltr'>contraxit</span> <span class='ocrx_word' id='word_1_82' title='bbox 584 1595 729 1667; x_wconf 84' lang='lat' dir='ltr'>ternpore</span> <span class='ocrx_word' id='word_1_83' title='bbox 744 1583 838 1664; x_wconf 87' lang='lat' dir='ltr'>veris,</span> 
     </span>
    </p>
   </div>
   <div class='ocr_carea' id='block_1_5' title="bbox 19 1689 1003 1774">
    <p class='ocr_par' dir='ltr' id='par_1_12' title="bbox 19 1689 1003 1774">
     <span class='ocr_line' id='line_1_14' title="bbox 19 1689 1003 1774; baseline -0.001 -21"><span class='ocrx_word' id='word_1_84' title='bbox 19 1697 21 1722; x_wconf 74' lang='lat'>²</span> <span class='ocrx_word' id='word_1_85' title='bbox 140 1689 260 1770; x_wconf 87' lang='lat' dir='ltr'>Perque</span> <span class='ocrx_word' id='word_1_86' title='bbox 275 1690 393 1756; x_wconf 87' lang='lat' dir='ltr'>hiemes</span> <span class='ocrx_word' id='word_1_87' title='bbox 408 1705 570 1772; x_wconf 85' lang='lat' dir='ltr'>aestusque</span> <span class='ocrx_word' id='word_1_88' title='bbox 587 1701 620 1754; x_wconf 87' lang='lat' dir='ltr'>et</span> <span class='ocrx_word' id='word_1_89' title='bbox 636 1689 812 1774; x_wconf 85' lang='lat' dir='ltr'>inaequales</span> <span class='ocrx_word' id='word_1_90' title='bbox 827 1701 1003 1754; x_wconf 81' lang='lat' dir='ltr'>autumnos</span> 
     </span>
    </p>
   </div>
   <div class='ocr_carea' id='block_1_6' title="bbox 20 1795 1174 2514">
    <p class='ocr_par' dir='ltr' id='par_1_13' title="bbox 20 1795 1174 2514">
     <span class='ocr_line' id='line_1_15' title="bbox 133 1795 910 1881; baseline -0.001 -22"><span class='ocrx_word' id='word_1_91' title='bbox 133 1795 176 1860; x_wconf 79' lang='lat' dir='ltr'>Et</span> <span class='ocrx_word' id='word_1_92' title='bbox 192 1795 287 1858; x_wconf 87' lang='lat' dir='ltr'>breve</span> <span class='ocrx_word' id='word_1_93' title='bbox 303 1817 359 1860; x_wconf 85' lang='lat' dir='ltr'>ver</span> <span class='ocrx_word' id='word_1_94' title='bbox 374 1796 611 1881; x_wconf 84' lang='lat' dir='ltr'>spatiiscxegit</span> <span class='ocrx_word' id='word_1_95' title='bbox 626 1807 763 1879; x_wconf 89' lang='lat' dir='ltr'>quatuor</span> <span class='ocrx_word' id='word_1_96' title='bbox 778 1815 910 1860; x_wconf 88' lang='lat' dir='ltr'>annum.</span> 
     </span>
     <span class='ocr_line' id='line_1_16' title="bbox 133 1901 1134 1984; baseline 0.011 -20"><span class='ocrx_word' id='word_1_97' title='bbox 133 1901 221 1964; x_wconf 76' lang='lat' dir='ltr'>&#39;lum</span> <span class='ocrx_word' id='word_1_98' title='bbox 237 1903 374 1984; x_wconf 76' lang='lat' dir='ltr'>primitur</span> <span class='ocrx_word' id='word_1_99' title='bbox 390 1903 485 1967; x_wconf 87' lang='lat' dir='ltr'>siccis</span> <span class='ocrx_word' id='word_1_100' title='bbox 500 1905 555 1967; x_wconf 73' lang='lat' dir='ltr'>adr</span> <span class='ocrx_word' id='word_1_101' title='bbox 570 1901 749 1968; x_wconf 85' lang='lat' dir='ltr'>fervoribus</span> <span class='ocrx_word' id='word_1_102' title='bbox 764 1913 856 1966; x_wconf 83' lang='lat' dir='ltr'>ustus</span> <span class='ocrx_word' id='word_1_103' title='bbox 1022 1965 1026 1971; x_wconf 92' lang='lat'><em>.</em></span> <span class='ocrx_word' id='word_1_104' title='bbox 1130 1969 1134 1975; x_wconf 93' lang='lat'>.</span> 
     </span>
     <span class='ocr_line' id='line_1_17' title="bbox 134 2006 1174 2093; baseline 0 -23"><span class='ocrx_word' id='word_1_105' title='bbox 134 2007 282 2085; x_wconf 77' lang='lat' dir='ltr'>canduit,</span> <span class='ocrx_word' id='word_1_106' title='bbox 295 2020 328 2071; x_wconf 88' lang='lat' dir='ltr'>et</span> <span class='ocrx_word' id='word_1_107' title='bbox 344 2009 451 2072; x_wconf 84' lang='lat' dir='ltr'>ventis</span> <span class='ocrx_word' id='word_1_108' title='bbox 467 2009 588 2090; x_wconf 77' lang='lat' dir='ltr'>glacies</span> <span class='ocrx_word' id='word_1_109' title='bbox 603 2008 756 2073; x_wconf 87' lang='lat' dir='ltr'>adstricta</span> <span class='ocrx_word' id='word_1_110' title='bbox 773 2009 933 2093; x_wconf 81' lang='lat' dir='ltr'>pependit.</span> <span class='ocrx_word' id='word_1_111' title='bbox 981 2067 985 2075; x_wconf 91' lang='lat'>.</span> <span class='ocrx_word' id='word_1_112' title='bbox 1012 2039 1013 2044; x_wconf 45' lang='lat'>¹</span> <span class='ocrx_word' id='word_1_113' title='bbox 1063 2023 1081 2077; x_wconf 52' lang='grc' dir='ltr'>ζ’</span> <span class='ocrx_word' id='word_1_114' title='bbox 1110 2006 1174 2072; x_wconf 74' lang='grc'>120</span> 
     </span>
     <span class='ocr_line' id='line_1_18' title="bbox 20 2097 1067 2196; baseline 0.002 -22"><span class='ocrx_word' id='word_1_115' title='bbox 20 2097 21 2100; x_wconf 31' lang='grc'><strong>“</strong></span> <span class='ocrx_word' id='word_1_116' title='bbox 135 2112 220 2176; x_wconf 83' lang='lat' dir='ltr'>Tum</span> <span class='ocrx_word' id='word_1_117' title='bbox 237 2107 378 2196; x_wconf 75' lang='lat' dir='ltr'>primurn</span> <span class='ocrx_word' id='word_1_118' title='bbox 393 2115 519 2178; x_wconf 71' lang='lat' dir='ltr'>subiere</span> <span class='ocrx_word' id='word_1_119' title='bbox 535 2113 669 2180; x_wconf 84' lang='lat' dir='ltr'>domos:</span> <span class='ocrx_word' id='word_1_120' title='bbox 693 2113 811 2178; x_wconf 88' lang='lat' dir='ltr'>domus</span> <span class='ocrx_word' id='word_1_121' title='bbox 825 2127 917 2178; x_wconf 84' lang='lat' dir='ltr'>antra</span> <span class='ocrx_word' id='word_1_122' title='bbox 931 2112 1067 2184; x_wconf 85' lang='lat' dir='ltr'>fuerunt</span> 
     </span>
     <span class='ocr_line' id='line_1_19' title="bbox 105 2217 873 2302; baseline -0.005 -16"><span class='ocrx_word' id='word_1_123' title='bbox 105 2277 109 2286; x_wconf 86' lang='lat'>.</span> <span class='ocrx_word' id='word_1_124' title='bbox 133 2217 173 2282; x_wconf 83' lang='lat' dir='ltr'>Et</span> <span class='ocrx_word' id='word_1_125' title='bbox 189 2217 286 2282; x_wconf 89' lang='lat' dir='ltr'>densi</span> <span class='ocrx_word' id='word_1_126' title='bbox 302 2217 439 2282; x_wconf 85' lang='lat' dir='ltr'>frutices</span> <span class='ocrx_word' id='word_1_127' title='bbox 448 2230 480 2282; x_wconf 91' lang='lat' dir='ltr'>et</span> <span class='ocrx_word' id='word_1_128' title='bbox 496 2219 617 2283; x_wconf 82' lang='lat' dir='ltr'>vinctae</span> <span class='ocrx_word' id='word_1_129' title='bbox 628 2221 747 2286; x_wconf 87' lang='lat' dir='ltr'>cortice</span> <span class='ocrx_word' id='word_1_130' title='bbox 763 2221 873 2302; x_wconf 74' lang='lat' dir='ltr'>virgae.</span> 
     </span>
     <span class='ocr_line' id='line_1_20' title="bbox 131 2321 900 2408; baseline 0.004 -23"><span class='ocrx_word' id='word_1_131' title='bbox 131 2321 266 2386; x_wconf 79' lang='lat' dir='ltr'>Semina</span> <span class='ocrx_word' id='word_1_132' title='bbox 281 2333 352 2388; x_wconf 89' lang='lat' dir='ltr'>tum</span> <span class='ocrx_word' id='word_1_133' title='bbox 367 2325 506 2407; x_wconf 81' lang='lat' dir='ltr'>primurn</span> <span class='ocrx_word' id='word_1_134' title='bbox 521 2325 627 2408; x_wconf 85' lang='lat' dir='ltr'>longis</span> <span class='ocrx_word' id='word_1_135' title='bbox 642 2325 788 2390; x_wconf 80' lang='lat' dir='ltr'>Cerealia</span> <span class='ocrx_word' id='word_1_136' title='bbox 803 2325 900 2390; x_wconf 84' lang='lat' dir='ltr'>sulcis</span> 
     </span>
     <span class='ocr_line' id='line_1_21' title="bbox 134 2427 950 2514; baseline 0.001 -23"><span class='ocrx_word' id='word_1_137' title='bbox 134 2427 253 2492; x_wconf 87' lang='lat' dir='ltr'>Obruta</span> <span class='ocrx_word' id='word_1_138' title='bbox 268 2439 353 2508; x_wconf 89' lang='lat' dir='ltr'>sunt,</span> <span class='ocrx_word' id='word_1_139' title='bbox 370 2431 530 2513; x_wconf 84' lang='lat' dir='ltr'>pressique</span> <span class='ocrx_word' id='word_1_140' title='bbox 543 2436 624 2514; x_wconf 85' lang='lat' dir='ltr'>jugo</span> <span class='ocrx_word' id='word_1_141' title='bbox 640 2431 793 2514; x_wconf 71' lang='lat' dir='ltr'>gemuere</span> <span class='ocrx_word' id='word_1_142' title='bbox 806 2428 950 2511; x_wconf 88' lang='lat' dir='ltr'>juvenci.</span> 
     </span>
    </p>
   </div>
   <div class='ocr_carea' id='block_1_7' title="bbox 19 2529 1176 2618">
    <p class='ocr_par' dir='ltr' id='par_1_14' title="bbox 19 2529 1176 2618">
     <span class='ocr_line' id='line_1_22' title="bbox 19 2529 1176 2618; baseline 0.001 -22"><span class='ocrx_word' id='word_1_143' title='bbox 19 2529 21 2552; x_wconf 92' lang='lat'>&#39;</span> <span class='ocrx_word' id='word_1_144' title='bbox 110 2565 113 2576; x_wconf 88' lang='lat'><strong>·</strong></span> <span class='ocrx_word' id='word_1_145' title='bbox 172 2534 288 2596; x_wconf 76' lang='lat' dir='ltr'>Tertia</span> <span class='ocrx_word' id='word_1_146' title='bbox 303 2548 373 2618; x_wconf 89' lang='lat' dir='ltr'>post</span> <span class='ocrx_word' id='word_1_147' title='bbox 389 2535 459 2600; x_wconf 89' lang='lat' dir='ltr'>illas</span> <span class='ocrx_word' id='word_1_148' title='bbox 475 2537 629 2600; x_wconf 86' lang='lat' dir='ltr'>successit</span> <span class='ocrx_word' id='word_1_149' title='bbox 644 2538 746 2598; x_wconf 79' lang='lat' dir='ltr'>ae&#39;nea</span> <span class='ocrx_word' id='word_1_150' title='bbox 760 2535 873 2616; x_wconf 87' lang='lat' dir='ltr'>proles,</span> <span class='ocrx_word' id='word_1_151' title='bbox 1112 2531 1176 2597; x_wconf 75' lang='lat'>125</span> 
     </span>
    </p>
   </div>
   <div class='ocr_carea' id='block_1_8' title="bbox 129 2637 1176 3358">
    <p class='ocr_par' dir='ltr' id='par_1_15' title="bbox 135 2637 966 2722">
     <span class='ocr_line' id='line_1_23' title="bbox 135 2637 966 2722; baseline 0.004 -22"><span class='ocrx_word' id='word_1_152' title='bbox 135 2637 258 2702; x_wconf 85' lang='lat' dir='ltr'>Saevior</span> <span class='ocrx_word' id='word_1_153' title='bbox 274 2640 413 2721; x_wconf 87' lang='lat' dir='ltr'>ingeniis</span> <span class='ocrx_word' id='word_1_154' title='bbox 428 2653 461 2704; x_wconf 88' lang='lat' dir='ltr'>et</span> <span class='ocrx_word' id='word_1_155' title='bbox 476 2642 517 2704; x_wconf 86' lang='lat' dir='ltr'>ad</span> <span class='ocrx_word' id='word_1_156' title='bbox 533 2639 663 2705; x_wconf 85' lang='lat' dir='ltr'>horrida</span> <span class='ocrx_word' id='word_1_157' title='bbox 678 2640 854 2722; x_wconf 85' lang='lat' dir='ltr'>promptior</span> <span class='ocrx_word' id='word_1_158' title='bbox 869 2659 966 2718; x_wconf 87' lang='lat' dir='ltr'>arma,</span> 
     </span>
    </p>

    <p class='ocr_par' dir='ltr' id='par_1_16' title="bbox 133 2723 1123 2936">
     <span class='ocr_line' id='line_1_24' title="bbox 133 2723 1123 2821; baseline 0.002 -16"><span class='ocrx_word' id='word_1_159' title='bbox 133 2743 198 2806; x_wconf 89' lang='lat' dir='ltr'>Neo</span> <span class='ocrx_word' id='word_1_160' title='bbox 215 2745 369 2808; x_wconf 85' lang='lat' dir='ltr'>scelerata</span> <span class='ocrx_word' id='word_1_161' title='bbox 385 2758 502 2810; x_wconf 87' lang='lat' dir='ltr'>tamen.</span> <span class='ocrx_word' id='word_1_162' title='bbox 552 2747 601 2810; x_wconf 87' lang='lat' dir='ltr'>De</span> <span class='ocrx_word' id='word_1_163' title='bbox 618 2745 698 2811; x_wconf 88' lang='lat' dir='ltr'>duro</span> <span class='ocrx_word' id='word_1_164' title='bbox 714 2756 763 2810; x_wconf 88' lang='lat' dir='ltr'>est</span> <span class='ocrx_word' id='word_1_165' title='bbox 779 2723 895 2811; x_wconf 74' lang='lat' dir='ltr'>ultir&#39;na</span> <span class='ocrx_word' id='word_1_166' title='bbox 909 2744 1002 2808; x_wconf 81' lang='lat' dir='ltr'>ferro.</span> <span class='ocrx_word' id='word_1_167' title='bbox 1119 2813 1123 2821; x_wconf 61' lang='grc'>,</span> 
     </span>
     <span class='ocr_line' id='line_1_25' title="bbox 133 2847 826 2936; baseline 0.009 -26"><span class='ocrx_word' id='word_1_168' title='bbox 133 2847 282 2912; x_wconf 89' lang='lat' dir='ltr'>Protinus</span> <span class='ocrx_word' id='word_1_169' title='bbox 298 2850 408 2934; x_wconf 89' lang='lat' dir='ltr'>irrupit</span> <span class='ocrx_word' id='word_1_170' title='bbox 423 2871 517 2915; x_wconf 82' lang='lat' dir='ltr'>venae</span> <span class='ocrx_word' id='word_1_171' title='bbox 534 2851 650 2936; x_wconf 89' lang='lat' dir='ltr'>pejoris</span> <span class='ocrx_word' id='word_1_172' title='bbox 666 2853 700 2916; x_wconf 89' lang='lat' dir='ltr'>in</span> <span class='ocrx_word' id='word_1_173' title='bbox 716 2871 826 2916; x_wconf 83' lang='lat' dir='ltr'>aevum</span> 
     </span>
    </p>

    <p class='ocr_par' dir='ltr' id='par_1_17' title="bbox 134 2953 996 3040">
     <span class='ocr_line' id='line_1_26' title="bbox 134 2953 996 3040; baseline 0.008 -24"><span class='ocrx_word' id='word_1_174' title='bbox 134 2953 237 3017; x_wconf 89' lang='lat' dir='ltr'>Omne</span> <span class='ocrx_word' id='word_1_175' title='bbox 253 2954 365 3019; x_wconf 87' lang='lat' dir='ltr'>nefas:</span> <span class='ocrx_word' id='word_1_176' title='bbox 389 2956 503 3040; x_wconf 72' lang='lat' dir='ltr'>fugere</span> <span class='ocrx_word' id='word_1_177' title='bbox 519 2959 622 3040; x_wconf 90' lang='lat' dir='ltr'>pudor</span> <span class='ocrx_word' id='word_1_178' title='bbox 638 2977 813 3039; x_wconf 86' lang='lat' dir='ltr'>verumque</span> <span class='ocrx_word' id='word_1_179' title='bbox 831 2956 996 3038; x_wconf 83' lang='lat' dir='ltr'>fidesque;</span> 
     </span>
    </p>

    <p class='ocr_par' dir='ltr' id='par_1_18' title="bbox 130 3059 1176 3246">
     <span class='ocr_line' id='line_1_27' title="bbox 131 3059 1176 3144; baseline 0.006 -24"><span class='ocrx_word' id='word_1_180' title='bbox 131 3059 169 3121; x_wconf 92' lang='lat' dir='ltr'>Iu</span> <span class='ocrx_word' id='word_1_181' title='bbox 184 3079 323 3141; x_wconf 90' lang='lat' dir='ltr'>quorum</span> <span class='ocrx_word' id='word_1_182' title='bbox 339 3062 466 3126; x_wconf 69' lang='lat' dir='ltr'>subiere</span> <span class='ocrx_word' id='word_1_183' title='bbox 482 3063 591 3127; x_wconf 88' lang='lat' dir='ltr'>locum</span> <span class='ocrx_word' id='word_1_184' title='bbox 605 3061 799 3142; x_wconf 85' lang='lat' dir='ltr'>fraudesque</span> <span class='ocrx_word' id='word_1_185' title='bbox 815 3063 944 3144; x_wconf 86' lang='lat' dir='ltr'>dolique</span> <span class='ocrx_word' id='word_1_186' title='bbox 1117 3062 1176 3126; x_wconf 80' lang='lat'>130</span> 
     </span>
     <span class='ocr_line' id='line_1_28' title="bbox 130 3163 950 3246; baseline 0.005 -20"><span class='ocrx_word' id='word_1_187' title='bbox 130 3163 325 3246; x_wconf 85' lang='lat' dir='ltr'>Insidiaeque</span> <span class='ocrx_word' id='word_1_188' title='bbox 342 3178 375 3230; x_wconf 90' lang='lat' dir='ltr'>et</span> <span class='ocrx_word' id='word_1_189' title='bbox 389 3168 440 3230; x_wconf 86' lang='lat' dir='ltr'>vis</span> <span class='ocrx_word' id='word_1_190' title='bbox 454 3179 488 3231; x_wconf 89' lang='lat' dir='ltr'>et</span> <span class='ocrx_word' id='word_1_191' title='bbox 503 3187 593 3231; x_wconf 85' lang='lat' dir='ltr'>amor</span> <span class='ocrx_word' id='word_1_192' title='bbox 608 3165 781 3232; x_wconf 83' lang='lat' dir='ltr'>sceleratus</span> <span class='ocrx_word' id='word_1_193' title='bbox 797 3167 950 3231; x_wconf 87' lang='lat' dir='ltr'>habendi.</span> 
     </span>
    </p>

    <p class='ocr_par' dir='ltr' id='par_1_19' title="bbox 129 3268 996 3358">
     <span class='ocr_line' id='line_1_29' title="bbox 129 3268 996 3358; baseline 0.002 -26"><span class='ocrx_word' id='word_1_194' title='bbox 129 3269 210 3332; x_wconf 81' lang='lat' dir='ltr'>Vela</span> <span class='ocrx_word' id='word_1_195' title='bbox 226 3268 323 3335; x_wconf 87' lang='lat' dir='ltr'>dabat</span> <span class='ocrx_word' id='word_1_196' title='bbox 339 3274 455 3352; x_wconf 85' lang='lat' dir='ltr'>ventis,</span> <span class='ocrx_word' id='word_1_197' title='bbox 472 3293 533 3340; x_wconf 89' lang='lat' dir='ltr'>nec</span> <span class='ocrx_word' id='word_1_198' title='bbox 550 3273 657 3354; x_wconf 84' lang='lat' dir='ltr'>adhuc</span> <span class='ocrx_word' id='word_1_199' title='bbox 673 3274 757 3336; x_wconf 87' lang='lat' dir='ltr'>benc</span> <span class='ocrx_word' id='word_1_200' title='bbox 773 3283 906 3358; x_wconf 83' lang='lat' dir='ltr'>noverat</span> <span class='ocrx_word' id='word_1_201' title='bbox 920 3272 996 3358; x_wconf 83' lang='lat' dir='ltr'>illos</span> 
     </span>
    </p>
   </div>
   <div class='ocr_carea' id='block_1_9' title="bbox 19 3367 1002 3458">
    <p class='ocr_par' dir='ltr' id='par_1_20' title="bbox 19 3367 1002 3458">
     <span class='ocr_line' id='line_1_30' title="bbox 19 3367 1002 3458; baseline 0.005 -21"><span class='ocrx_word' id='word_1_202' title='bbox 19 3367 20 3372; x_wconf 64' lang='grc'>’</span> <span class='ocrx_word' id='word_1_203' title='bbox 128 3373 248 3438; x_wconf 85' lang='lat' dir='ltr'>Navita</span> <span class='ocrx_word' id='word_1_204' title='bbox 261 3397 269 3456; x_wconf 88' lang='lat'>;</span> <span class='ocrx_word' id='word_1_205' title='bbox 293 3395 430 3458; x_wconf 84' lang='lat' dir='ltr'>quaeque</span> <span class='ocrx_word' id='word_1_206' title='bbox 446 3377 502 3454; x_wconf 88' lang='lat' dir='ltr'>diu</span> <span class='ocrx_word' id='word_1_207' title='bbox 518 3388 672 3442; x_wconf 88' lang='lat' dir='ltr'>steterant</span> <span class='ocrx_word' id='word_1_208' title='bbox 688 3378 722 3442; x_wconf 90' lang='lat' dir='ltr'>in</span> <span class='ocrx_word' id='word_1_209' title='bbox 737 3378 905 3442; x_wconf 88' lang='lat' dir='ltr'>montibus</span> <span class='ocrx_word' id='word_1_210' title='bbox 919 3377 1002 3457; x_wconf 88' lang='lat' dir='ltr'>altis,</span> 
     </span>
    </p>
   </div>
   <div class='ocr_carea' id='block_1_10' title="bbox 128 3478 1176 3779">
    <p class='ocr_par' dir='ltr' id='par_1_21' title="bbox 128 3478 1176 3779">
     <span class='ocr_line' id='line_1_31' title="bbox 129 3478 925 3572; baseline 0.008 -30"><span class='ocrx_word' id='word_1_211' title='bbox 129 3478 304 3544; x_wconf 84' lang='lat' dir='ltr'>Fluctibus</span> <span class='ocrx_word' id='word_1_212' title='bbox 320 3483 440 3564; x_wconf 88' lang='lat' dir='ltr'>ignotis</span> <span class='ocrx_word' id='word_1_213' title='bbox 455 3483 651 3552; x_wconf 70' lang='lat' dir='ltr'>insultavere</span> <span class='ocrx_word' id='word_1_214' title='bbox 667 3486 803 3548; x_wconf 84' lang='lat' dir='ltr'>carinae:</span> <span class='ocrx_word' id='word_1_215' title='bbox 922 3567 925 3572; x_wconf 68' lang='lat'><em>,</em></span> 
     </span>
     <span class='ocr_line' id='line_1_32' title="bbox 128 3584 1176 3672; baseline 0.004 -24"><span class='ocrx_word' id='word_1_216' title='bbox 128 3584 414 3668; x_wconf 83' lang='lat' dir='ltr'>Communemque</span> <span class='ocrx_word' id='word_1_217' title='bbox 430 3587 529 3672; x_wconf 74' lang='lat' dir='ltr'>pride,</span> <span class='ocrx_word' id='word_1_218' title='bbox 545 3610 607 3656; x_wconf 88' lang='lat' dir='ltr'>ceu</span> <span class='ocrx_word' id='word_1_219' title='bbox 622 3589 749 3668; x_wconf 77' lang='lat' dir='ltr'>lumina</span> <span class='ocrx_word' id='word_1_220' title='bbox 763 3589 841 3666; x_wconf 82' lang='lat' dir='ltr'>solis</span> <span class='ocrx_word' id='word_1_221' title='bbox 857 3599 890 3652; x_wconf 91' lang='lat' dir='ltr'>et</span> <span class='ocrx_word' id='word_1_222' title='bbox 905 3607 1004 3670; x_wconf 80' lang='lat' dir='ltr'>aurae,</span> <span class='ocrx_word' id='word_1_223' title='bbox 1113 3589 1176 3652; x_wconf 77' lang='lat'>135</span> 
     </span>
     <span class='ocr_line' id='line_1_33' title="bbox 129 3689 1029 3779; baseline 0.007 -25"><span class='ocrx_word' id='word_1_224' title='bbox 129 3689 256 3756; x_wconf 75' lang='lat' dir='ltr'>Cautus</span> <span class='ocrx_word' id='word_1_225' title='bbox 272 3692 411 3764; x_wconf 89' lang='lat' dir='ltr'>humum</span> <span class='ocrx_word' id='word_1_226' title='bbox 426 3695 525 3779; x_wconf 86' lang='lat' dir='ltr'>longo</span> <span class='ocrx_word' id='word_1_227' title='bbox 540 3695 682 3778; x_wconf 82' lang='lat' dir='ltr'>signavit</span> <span class='ocrx_word' id='word_1_228' title='bbox 698 3695 803 3760; x_wconf 85' lang='lat' dir='ltr'>limite</span> <span class='ocrx_word' id='word_1_229' title='bbox 819 3713 957 3760; x_wconf 82' lang='lat' dir='ltr'>mensor.</span> <span class='ocrx_word' id='word_1_230' title='bbox 1025 3763 1029 3772; x_wconf 67' lang='grc'>,</span> 
     </span>
    </p>
   </div>
   <div class='ocr_carea' id='block_1_11' title="bbox 0 0 1328 4176">
    <p class='ocr_par' dir='ltr' id='par_1_22' title="bbox 0 0 1328 4176">
     <span class='ocr_line' id='line_1_34' title="bbox 0 0 1328 4176; baseline 0 3"><span class='ocrx_word' id='word_1_231' title='bbox 0 0 1328 4176; x_wconf 95' lang='lat' dir='ltr'> </span> 
     </span>
    </p>
   </div>
  </div>
 </body>
</html>
