<?xml version="1.0" encoding="UTF-8"?>
<!DOCTYPE html PUBLIC "-//W3C//DTD XHTML 1.0 Transitional//EN"
    "http://www.w3.org/TR/xhtml1/DTD/xhtml1-transitional.dtd">
<html xmlns="http://www.w3.org/1999/xhtml" xml:lang="en" lang="en">
 <head>
  <title>
</title>
<meta http-equiv="Content-Type" content="text/html;charset=utf-8" />
  <meta name='ocr-system' content='tesseract 3.04.00' />
  <meta name='ocr-capabilities' content='ocr_page ocr_carea ocr_par ocr_line ocrx_word'/>
</head>
<body>
  <div class='ocr_page' id='page_1' title='image "./selectionsfromm00ovidgoog_0145.png"; bbox 0 0 2636 4178; ppageno 0'>
   <div class='ocr_carea' id='block_1_1' title="bbox 114 211 854 291">
    <p class='ocr_par' dir='ltr' id='par_1_1' title="bbox 114 211 854 291">
     <span class='ocr_line' id='line_1_1' title="bbox 114 211 854 291; baseline 0.009 -11"><span class='ocrx_word' id='word_1_1' title='bbox 114 211 175 282; x_wconf 82' lang='grc'><strong>136</strong></span> <span class='ocrx_word' id='word_1_2' title='bbox 396 239 513 291; x_wconf 77' lang='lat' dir='ltr'><strong>orma</strong></span> <span class='ocrx_word' id='word_1_3' title='bbox 534 237 854 290; x_wconf 65' lang='lat' dir='ltr'><strong>minueremus.</strong></span> 
     </span>
    </p>
   </div>
   <div class='ocr_carea' id='block_1_2' title="bbox 110 389 1152 3726">
    <p class='ocr_par' dir='ltr' id='par_1_2' title="bbox 110 389 1152 3726">
     <span class='ocr_line' id='line_1_2' title="bbox 111 389 1027 473; baseline -0.002 -17"><span class='ocrx_word' id='word_1_4' title='bbox 111 394 155 456; x_wconf 89' lang='lat' dir='ltr'><strong>Et</strong></span> <span class='ocrx_word' id='word_1_5' title='bbox 171 413 287 457; x_wconf 85' lang='lat' dir='ltr'><strong>moveo</strong></span> <span class='ocrx_word' id='word_1_6' title='bbox 303 393 468 460; x_wconf 87' lang='lat' dir='ltr'><strong>Priamum</strong></span> <span class='ocrx_word' id='word_1_7' title='bbox 484 394 674 473; x_wconf 87' lang='lat' dir='ltr'><strong>Priamoque</strong></span> <span class='ocrx_word' id='word_1_8' title='bbox 690 395 854 456; x_wconf 80' lang='lat' dir='ltr'><strong>Antenora</strong></span> <span class='ocrx_word' id='word_1_9' title='bbox 865 389 1027 471; x_wconf 87' lang='lat' dir='ltr'><strong>junctum.</strong></span> 
     </span>
     <span class='ocr_line' id='line_1_3' title="bbox 110 497 949 580; baseline 0.001 -18"><span class='ocrx_word' id='word_1_10' title='bbox 110 500 153 562; x_wconf 79' lang='lat' dir='ltr'><strong>At</strong></span> <span class='ocrx_word' id='word_1_11' title='bbox 170 498 258 560; x_wconf 87' lang='lat' dir='ltr'><strong>Paris</strong></span> <span class='ocrx_word' id='word_1_12' title='bbox 272 508 304 561; x_wconf 92' lang='lat' dir='ltr'><strong>et</strong></span> <span class='ocrx_word' id='word_1_13' title='bbox 320 497 431 562; x_wconf 84' lang='lat' dir='ltr'><strong>fratres</strong></span> <span class='ocrx_word' id='word_1_14' title='bbox 446 509 479 562; x_wconf 88' lang='lat' dir='ltr'><strong>et</strong></span> <span class='ocrx_word' id='word_1_15' title='bbox 493 499 549 579; x_wconf 93' lang='lat' dir='ltr'><strong>qui</strong></span> <span class='ocrx_word' id='word_1_16' title='bbox 563 499 696 580; x_wconf 69' lang='lat' dir='ltr'><strong>rapuere</strong></span> <span class='ocrx_word' id='word_1_17' title='bbox 712 497 772 559; x_wconf 90' lang='lat' dir='ltr'><strong>sub</strong></span> <span class='ocrx_word' id='word_1_18' title='bbox 788 497 853 575; x_wconf 88' lang='lat' dir='ltr'><strong>illo,</strong></span> <span class='ocrx_word' id='word_1_19' title='bbox 945 557 949 563; x_wconf 84' lang='lat'>.</span> 
     </span>
     <span class='ocr_line' id='line_1_4' title="bbox 110 600 992 689; baseline -0.003 -22"><span class='ocrx_word' id='word_1_20' title='bbox 110 604 174 667; x_wconf 85' lang='lat' dir='ltr'><strong>Vix</strong></span> <span class='ocrx_word' id='word_1_21' title='bbox 191 603 321 666; x_wconf 70' lang='lat' dir='ltr'><strong>tenuere</strong></span> <span class='ocrx_word' id='word_1_22' title='bbox 337 623 452 667; x_wconf 90' lang='lat' dir='ltr'><strong>manus</strong></span> <span class='ocrx_word' id='word_1_23' title='bbox 468 603 545 686; x_wconf 88' lang='lat' dir='ltr'><strong>(scis</strong></span> <span class='ocrx_word' id='word_1_24' title='bbox 561 603 633 681; x_wconf 90' lang='lat' dir='ltr'><strong>hoc,</strong></span> <span class='ocrx_word' id='word_1_25' title='bbox 651 602 813 689; x_wconf 62' lang='lat' dir='ltr'><strong>Menelai)</strong></span> <span class='ocrx_word' id='word_1_26' title='bbox 828 600 992 682; x_wconf 84' lang='lat' dir='ltr'><strong>nefandas,</strong></span> 
     </span>
     <span class='ocr_line' id='line_1_5' title="bbox 111 706 879 790; baseline -0.003 -19"><span class='ocrx_word' id='word_1_27' title='bbox 111 709 280 788; x_wconf 86' lang='lat' dir='ltr'><strong>Primaque</strong></span> <span class='ocrx_word' id='word_1_28' title='bbox 295 707 352 770; x_wconf 86' lang='lat' dir='ltr'><strong>lux</strong></span> <span class='ocrx_word' id='word_1_29' title='bbox 369 709 468 770; x_wconf 84' lang='lat' dir='ltr'><strong>nostri</strong></span> <span class='ocrx_word' id='word_1_30' title='bbox 484 718 592 771; x_wconf 90' lang='lat' dir='ltr'><strong>tecum</strong></span> <span class='ocrx_word' id='word_1_31' title='bbox 608 706 669 770; x_wconf 89' lang='lat' dir='ltr'><strong>fuit</strong></span> <span class='ocrx_word' id='word_1_32' title='bbox 686 706 741 769; x_wconf 88' lang='lat' dir='ltr'><strong>illa</strong></span> <span class='ocrx_word' id='word_1_33' title='bbox 761 707 879 790; x_wconf 88' lang='lat' dir='ltr'><strong>pericli.</strong></span> 
     </span>
     <span class='ocr_line' id='line_1_6' title="bbox 156 812 1147 895; baseline 0 -19"><span class='ocrx_word' id='word_1_34' title='bbox 156 814 270 895; x_wconf 86' lang='lat' dir='ltr'><strong>Longa</strong></span> <span class='ocrx_word' id='word_1_35' title='bbox 284 812 397 876; x_wconf 88' lang='lat' dir='ltr'><strong>referre</strong></span> <span class='ocrx_word' id='word_1_36' title='bbox 414 823 575 890; x_wconf 86' lang='lat' dir='ltr'><strong>moreest,</strong></span> <span class='ocrx_word' id='word_1_37' title='bbox 590 831 662 892; x_wconf 80' lang='lat' dir='ltr'><strong>quae</strong></span> <span class='ocrx_word' id='word_1_38' title='bbox 677 812 875 891; x_wconf 87' lang='lat' dir='ltr'><strong>consilioque</strong></span> <span class='ocrx_word' id='word_1_39' title='bbox 892 830 1052 894; x_wconf 87' lang='lat' dir='ltr'><strong>manuque</strong></span> <span class='ocrx_word' id='word_1_40' title='bbox 1079 813 1147 876; x_wconf 76' lang='lat'><strong>205</strong></span> 
     </span>
     <span class='ocr_line' id='line_1_7' title="bbox 112 917 723 1000; baseline -0.003 -18"><span class='ocrx_word' id='word_1_41' title='bbox 112 918 241 982; x_wconf 80' lang='lat' dir='ltr'>Utiliter</span> <span class='ocrx_word' id='word_1_42' title='bbox 256 917 318 982; x_wconf 87' lang='lat' dir='ltr'><strong>feci</strong></span> <span class='ocrx_word' id='word_1_43' title='bbox 334 917 464 1000; x_wconf 81' lang='lat' dir='ltr'><strong>spatiosi</strong></span> <span class='ocrx_word' id='word_1_44' title='bbox 480 928 622 1000; x_wconf 88' lang='lat' dir='ltr'><strong>tempore</strong></span> <span class='ocrx_word' id='word_1_45' title='bbox 638 917 723 980; x_wconf 90' lang='lat' dir='ltr'><strong>belli.</strong></span> 
     </span>
     <span class='ocr_line' id='line_1_8' title="bbox 112 1023 873 1105; baseline -0.003 -19"><span class='ocrx_word' id='word_1_46' title='bbox 112 1024 188 1086; x_wconf 91' lang='lat' dir='ltr'><strong>Post</strong></span> <span class='ocrx_word' id='word_1_47' title='bbox 204 1025 289 1086; x_wconf 85' lang='lat' dir='ltr'><strong>acies</strong></span> <span class='ocrx_word' id='word_1_48' title='bbox 303 1024 420 1105; x_wconf 88' lang='lat' dir='ltr'><strong>primas</strong></span> <span class='ocrx_word' id='word_1_49' title='bbox 436 1023 523 1086; x_wconf 91' lang='lat' dir='ltr'><strong>urbis</strong></span> <span class='ocrx_word' id='word_1_50' title='bbox 538 1043 572 1086; x_wconf 86' lang='lat' dir='ltr'><strong>se</strong></span> <span class='ocrx_word' id='word_1_51' title='bbox 587 1023 748 1086; x_wconf 76' lang='lat' dir='ltr'><strong>moenibus</strong></span> <span class='ocrx_word' id='word_1_52' title='bbox 764 1023 873 1085; x_wconf 86' lang='lat' dir='ltr'><strong>hostes</strong></span> 
     </span>
     <span class='ocr_line' id='line_1_9' title="bbox 112 1127 816 1211; baseline 0 -21"><span class='ocrx_word' id='word_1_53' title='bbox 112 1129 307 1191; x_wconf 73' lang='lat' dir='ltr'><strong>Continudre</strong></span> <span class='ocrx_word' id='word_1_54' title='bbox 324 1128 390 1207; x_wconf 88' lang='lat' dir='ltr'><strong>diu,</strong></span> <span class='ocrx_word' id='word_1_55' title='bbox 407 1147 466 1190; x_wconf 89' lang='lat' dir='ltr'><strong>nec</strong></span> <span class='ocrx_word' id='word_1_56' title='bbox 482 1129 583 1211; x_wconf 90' lang='lat' dir='ltr'><strong>aperti</strong></span> <span class='ocrx_word' id='word_1_57' title='bbox 597 1128 689 1210; x_wconf 87' lang='lat' dir='ltr'><strong>copia</strong></span> <span class='ocrx_word' id='word_1_58' title='bbox 705 1127 816 1190; x_wconf 86' lang='lat' dir='ltr'><strong>Martis</strong></span> 
     </span>
     <span class='ocr_line' id='line_1_10' title="bbox 114 1231 923 1314; baseline 0.001 -21"><span class='ocrx_word' id='word_1_59' title='bbox 114 1232 188 1294; x_wconf 88' lang='lat' dir='ltr'><strong>Ulla</strong></span> <span class='ocrx_word' id='word_1_60' title='bbox 203 1231 264 1294; x_wconf 84' lang='lat' dir='ltr'><strong>luit</strong></span> <span class='ocrx_word' id='word_1_61' title='bbox 278 1254 285 1312; x_wconf 84' lang='lat'>3</span> <span class='ocrx_word' id='word_1_62' title='bbox 309 1232 436 1296; x_wconf 91' lang='lat' dir='ltr'><strong>decimo</strong></span> <span class='ocrx_word' id='word_1_63' title='bbox 452 1231 583 1296; x_wconf 89' lang='lat' dir='ltr'><strong>demum</strong></span> <span class='ocrx_word' id='word_1_64' title='bbox 599 1233 814 1314; x_wconf 84' lang='lat' dir='ltr'><strong>pugnavimus</strong></span> <span class='ocrx_word' id='word_1_65' title='bbox 829 1252 923 1295; x_wconf 89' lang='lat' dir='ltr'><strong>anno.</strong></span> 
     </span>
     <span class='ocr_line' id='line_1_11' title="bbox 114 1329 1148 1420; baseline 0.005 -21"><span class='ocrx_word' id='word_1_66' title='bbox 114 1338 205 1406; x_wconf 78' lang='lat' dir='ltr'><strong>Quid</strong></span> <span class='ocrx_word' id='word_1_67' title='bbox 222 1336 301 1400; x_wconf 82' lang='lat' dir='ltr'><strong>facis</strong></span> <span class='ocrx_word' id='word_1_68' title='bbox 317 1329 446 1418; x_wconf 56' lang='lat' dir='ltr'><strong>interea</strong></span> <span class='ocrx_word' id='word_1_69' title='bbox 463 1337 518 1420; x_wconf 93' lang='lat' dir='ltr'><strong>qui</strong></span> <span class='ocrx_word' id='word_1_70' title='bbox 533 1338 578 1401; x_wconf 92' lang='lat' dir='ltr'><strong>nil</strong></span> <span class='ocrx_word' id='word_1_71' title='bbox 595 1338 657 1400; x_wconf 88' lang='lat' dir='ltr'><strong>nisi</strong></span> <span class='ocrx_word' id='word_1_72' title='bbox 672 1337 782 1419; x_wconf 90' lang='lat' dir='ltr'><strong>proelia</strong></span> <span class='ocrx_word' id='word_1_73' title='bbox 797 1337 908 1401; x_wconf 83' lang='lat' dir='ltr'><strong>ndsti?</strong></span> <span class='ocrx_word' id='word_1_74' title='bbox 1082 1340 1148 1404; x_wconf 79' lang='lat'><strong>210</strong></span> 
     </span>
     <span class='ocr_line' id='line_1_12' title="bbox 114 1441 1015 1524; baseline -0.004 -14"><span class='ocrx_word' id='word_1_75' title='bbox 114 1443 201 1510; x_wconf 77' lang='lat' dir='ltr'><strong>Quis</strong></span> <span class='ocrx_word' id='word_1_76' title='bbox 216 1453 291 1505; x_wconf 87' lang='lat' dir='ltr'><strong>tuus</strong></span> <span class='ocrx_word' id='word_1_77' title='bbox 306 1463 383 1506; x_wconf 91' lang='lat' dir='ltr'><strong>usus</strong></span> <span class='ocrx_word' id='word_1_78' title='bbox 394 1445 486 1506; x_wconf 80' lang='lat' dir='ltr'><strong>erat?</strong></span> <span class='ocrx_word' id='word_1_79' title='bbox 532 1444 615 1507; x_wconf 90' lang='lat' dir='ltr'><strong>Nam</strong></span> <span class='ocrx_word' id='word_1_80' title='bbox 630 1443 659 1506; x_wconf 89' lang='lat' dir='ltr'><strong>si</strong></span> <span class='ocrx_word' id='word_1_81' title='bbox 673 1462 746 1504; x_wconf 89' lang='lat' dir='ltr'><strong>meu</strong></span> <span class='ocrx_word' id='word_1_82' title='bbox 760 1441 845 1505; x_wconf 79' lang='lat' dir='ltr'><strong>lacte</strong></span> <span class='ocrx_word' id='word_1_83' title='bbox 859 1444 994 1522; x_wconf 90' lang='lat' dir='ltr'><strong>requiris</strong></span> <span class='ocrx_word' id='word_1_84' title='bbox 1007 1465 1015 1524; x_wconf 87' lang='lat'><strong>;</strong></span> 
     </span>
     <span class='ocr_line' id='line_1_13' title="bbox 114 1546 866 1630; baseline -0.003 -19"><span class='ocrx_word' id='word_1_85' title='bbox 114 1549 273 1612; x_wconf 87' lang='lat' dir='ltr'><strong>Hostibus</strong></span> <span class='ocrx_word' id='word_1_86' title='bbox 288 1547 429 1628; x_wconf 86' lang='lat' dir='ltr'><strong>insidior,</strong></span> <span class='ocrx_word' id='word_1_87' title='bbox 446 1546 547 1612; x_wconf 83' lang='lat' dir='ltr'><strong>fossas</strong></span> <span class='ocrx_word' id='word_1_88' title='bbox 564 1548 744 1612; x_wconf 88' lang='lat' dir='ltr'><strong>munimine</strong></span> <span class='ocrx_word' id='word_1_89' title='bbox 760 1548 866 1630; x_wconf 84' lang='lat' dir='ltr'><strong>cingo,</strong></span> 
     </span>
     <span class='ocr_line' id='line_1_14' title="bbox 114 1653 760 1735; baseline 0 -19"><span class='ocrx_word' id='word_1_90' title='bbox 114 1653 270 1716; x_wconf 84' lang='lat' dir='ltr'><strong>Consolor</strong></span> <span class='ocrx_word' id='word_1_91' title='bbox 284 1654 397 1733; x_wconf 87' lang='lat' dir='ltr'><strong>socios,</strong></span> <span class='ocrx_word' id='word_1_92' title='bbox 415 1663 450 1716; x_wconf 88' lang='lat' dir='ltr'><strong>ut</strong></span> <span class='ocrx_word' id='word_1_93' title='bbox 466 1653 556 1735; x_wconf 81' lang='lat' dir='ltr'><strong>longi</strong></span> <span class='ocrx_word' id='word_1_94' title='bbox 572 1653 668 1716; x_wconf 79' lang='lat' dir='ltr'><strong>toedia</strong></span> <span class='ocrx_word' id='word_1_95' title='bbox 684 1653 760 1716; x_wconf 89' lang='lat' dir='ltr'><strong>belli</strong></span> 
     </span>
     <span class='ocr_line' id='line_1_15' title="bbox 114 1757 936 1841; baseline 0 -21"><span class='ocrx_word' id='word_1_96' title='bbox 114 1757 223 1821; x_wconf 87' lang='lat' dir='ltr'><strong>Mente</strong></span> <span class='ocrx_word' id='word_1_97' title='bbox 239 1757 341 1822; x_wconf 85' lang='lat' dir='ltr'><strong>ferant</strong></span> <span class='ocrx_word' id='word_1_98' title='bbox 357 1757 492 1841; x_wconf 65' lang='lat' dir='ltr'><strong>placidi,</strong></span> <span class='ocrx_word' id='word_1_99' title='bbox 508 1758 609 1821; x_wconf 91' lang='lat' dir='ltr'><strong>doceo</strong></span> <span class='ocrx_word' id='word_1_100' title='bbox 624 1777 689 1840; x_wconf 91' lang='lat' dir='ltr'><strong>quo</strong></span> <span class='ocrx_word' id='word_1_101' title='bbox 705 1758 805 1820; x_wconf 88' lang='lat' dir='ltr'><strong>simus</strong></span> <span class='ocrx_word' id='word_1_102' title='bbox 817 1757 936 1837; x_wconf 80' lang='lat' dir='ltr'><strong>alendi,</strong></span> 
     </span>
     <span class='ocr_line' id='line_1_16' title="bbox 114 1862 1146 1945; baseline -0.004 -18"><span class='ocrx_word' id='word_1_103' title='bbox 114 1863 308 1927; x_wconf 79' lang='lat' dir='ltr'><strong>Armandive</strong></span> <span class='ocrx_word' id='word_1_104' title='bbox 323 1863 431 1939; x_wconf 90' lang='lat' dir='ltr'><strong>modo,</strong></span> <span class='ocrx_word' id='word_1_105' title='bbox 447 1863 557 1926; x_wconf 90' lang='lat' dir='ltr'><strong>mittor</strong></span> <span class='ocrx_word' id='word_1_106' title='bbox 572 1862 635 1942; x_wconf 83' lang='lat' dir='ltr'><strong>qud</strong></span> <span class='ocrx_word' id='word_1_107' title='bbox 651 1862 789 1945; x_wconf 86' lang='lat' dir='ltr'><strong>postulat</strong></span> <span class='ocrx_word' id='word_1_108' title='bbox 805 1883 890 1926; x_wconf 88' lang='lat' dir='ltr'><strong>usus.</strong></span> <span class='ocrx_word' id='word_1_109' title='bbox 1079 1864 1146 1926; x_wconf 82' lang='lat'><strong>215</strong></span> 
     </span>
     <span class='ocr_line' id='line_1_17' title="bbox 160 1965 956 2049; baseline 0.001 -21"><span class='ocrx_word' id='word_1_110' title='bbox 160 1967 257 2045; x_wconf 89' lang='lat' dir='ltr'><strong>Ecce,</strong></span> <span class='ocrx_word' id='word_1_111' title='bbox 273 1968 364 2030; x_wconf 87' lang='lat' dir='ltr'><strong>Jovis</strong></span> <span class='ocrx_word' id='word_1_112' title='bbox 379 1968 504 2030; x_wconf 89' lang='lat' dir='ltr'><strong>monitu</strong></span> <span class='ocrx_word' id='word_1_113' title='bbox 520 1965 673 2049; x_wconf 90' lang='lat' dir='ltr'><strong>deceptus</strong></span> <span class='ocrx_word' id='word_1_114' title='bbox 690 1967 829 2049; x_wconf 80' lang='lat' dir='ltr'><strong>imagine</strong></span> <span class='ocrx_word' id='word_1_115' title='bbox 845 1969 956 2046; x_wconf 88' lang='lat' dir='ltr'><strong>somni,</strong></span> 
     </span>
     <span class='ocr_line' id='line_1_18' title="bbox 115 2069 826 2153; baseline -0.001 -17"><span class='ocrx_word' id='word_1_116' title='bbox 115 2073 189 2136; x_wconf 88' lang='lat' dir='ltr'><strong>Rex</strong></span> <span class='ocrx_word' id='word_1_117' title='bbox 201 2069 293 2150; x_wconf 89' lang='lat' dir='ltr'><strong>jubet</strong></span> <span class='ocrx_word' id='word_1_118' title='bbox 307 2071 426 2153; x_wconf 85' lang='lat' dir='ltr'><strong>incepti</strong></span> <span class='ocrx_word' id='word_1_119' title='bbox 441 2089 550 2134; x_wconf 86' lang='lat' dir='ltr'><strong>euram</strong></span> <span class='ocrx_word' id='word_1_120' title='bbox 565 2072 724 2134; x_wconf 83' lang='lat' dir='ltr'><strong>dimittere</strong></span> <span class='ocrx_word' id='word_1_121' title='bbox 742 2072 826 2135; x_wconf 92' lang='lat' dir='ltr'><strong>belli.</strong></span> 
     </span>
     <span class='ocr_line' id='line_1_19' title="bbox 116 2175 897 2259; baseline 0.003 -20"><span class='ocrx_word' id='word_1_122' title='bbox 116 2178 174 2239; x_wconf 94' lang='lat' dir='ltr'><strong>Ille</strong></span> <span class='ocrx_word' id='word_1_123' title='bbox 191 2187 294 2259; x_wconf 91' lang='lat' dir='ltr'><strong>potest</strong></span> <span class='ocrx_word' id='word_1_124' title='bbox 310 2186 437 2239; x_wconf 86' lang='lat' dir='ltr'><strong>auctore</strong></span> <span class='ocrx_word' id='word_1_125' title='bbox 453 2195 545 2239; x_wconf 89' lang='lat' dir='ltr'><strong>suam</strong></span> <span class='ocrx_word' id='word_1_126' title='bbox 561 2175 732 2240; x_wconf 86' lang='lat' dir='ltr'><strong>defendere</strong></span> <span class='ocrx_word' id='word_1_127' title='bbox 748 2197 897 2258; x_wconf 80' lang='lat' dir='ltr'><strong>causam3</strong></span> 
     </span>
     <span class='ocr_line' id='line_1_20' title="bbox 114 2279 994 2365; baseline 0 -21"><span class='ocrx_word' id='word_1_128' title='bbox 114 2281 187 2344; x_wconf 92' lang='lat' dir='ltr'><strong>Non</strong></span> <span class='ocrx_word' id='word_1_129' title='bbox 204 2281 287 2344; x_wconf 89' lang='lat' dir='ltr'><strong>sinat</strong></span> <span class='ocrx_word' id='word_1_130' title='bbox 303 2281 365 2344; x_wconf 92' lang='lat' dir='ltr'><strong>hoc</strong></span> <span class='ocrx_word' id='word_1_131' title='bbox 381 2279 474 2360; x_wconf 81' lang='lat' dir='ltr'><strong>Ajax,</strong></span> <span class='ocrx_word' id='word_1_132' title='bbox 490 2280 688 2363; x_wconf 85' lang='lat' dir='ltr'><strong>delendaque</strong></span> <span class='ocrx_word' id='word_1_133' title='bbox 705 2283 860 2364; x_wconf 86' lang='lat' dir='ltr'><strong>Pergama</strong></span> <span class='ocrx_word' id='word_1_134' title='bbox 875 2293 994 2365; x_wconf 91' lang='lat' dir='ltr'><strong>poscat,</strong></span> 
     </span>
     <span class='ocr_line' id='line_1_21' title="bbox 116 2384 1148 2469; baseline 0.003 -21"><span class='ocrx_word' id='word_1_135' title='bbox 116 2384 279 2467; x_wconf 78' lang='lat' dir='ltr'><strong>Quodque</strong></span> <span class='ocrx_word' id='word_1_136' title='bbox 296 2395 409 2469; x_wconf 90' lang='lat' dir='ltr'><strong>potest,</strong></span> <span class='ocrx_word' id='word_1_137' title='bbox 421 2397 551 2468; x_wconf 86' lang='lat' dir='ltr'><strong>pugnet.</strong></span> <span class='ocrx_word' id='word_1_138' title='bbox 591 2388 657 2451; x_wconf 79' lang='lat' dir='ltr'><strong>Gur</strong></span> <span class='ocrx_word' id='word_1_139' title='bbox 669 2405 734 2450; x_wconf 89' lang='lat' dir='ltr'><strong>non</strong></span> <span class='ocrx_word' id='word_1_140' title='bbox 746 2399 920 2450; x_wconf 89' lang='lat' dir='ltr'><strong>remoratur</strong></span> <span class='ocrx_word' id='word_1_141' title='bbox 934 2388 1057 2451; x_wconf 80' lang='lat' dir='ltr'><strong>ituros?</strong></span> <span class='ocrx_word' id='word_1_142' title='bbox 1084 2389 1148 2452; x_wconf 78' lang='lat'><strong>220</strong></span> 
     </span>
     <span class='ocr_line' id='line_1_22' title="bbox 116 2491 1103 2575; baseline 0.002 -21"><span class='ocrx_word' id='word_1_143' title='bbox 116 2493 182 2554; x_wconf 80' lang='lat' dir='ltr'><strong>Cur</strong></span> <span class='ocrx_word' id='word_1_144' title='bbox 196 2511 261 2554; x_wconf 91' lang='lat' dir='ltr'><strong>non</strong></span> <span class='ocrx_word' id='word_1_145' title='bbox 277 2511 366 2560; x_wconf 83' lang='lat' dir='ltr'><strong>arma</strong></span> <span class='ocrx_word' id='word_1_146' title='bbox 379 2491 464 2574; x_wconf 89' lang='lat' dir='ltr'><strong>capit</strong></span> <span class='ocrx_word' id='word_1_147' title='bbox 478 2493 490 2554; x_wconf 75' lang='lat' dir='ltr'><strong>i</strong></span> <span class='ocrx_word' id='word_1_148' title='bbox 536 2491 610 2570; x_wconf 90' lang='lat' dir='ltr'><strong>Det,</strong></span> <span class='ocrx_word' id='word_1_149' title='bbox 627 2491 713 2573; x_wconf 94' lang='lat' dir='ltr'><strong>quod</strong></span> <span class='ocrx_word' id='word_1_150' title='bbox 729 2512 812 2575; x_wconf 86' lang='lat' dir='ltr'><strong>vaga</strong></span> <span class='ocrx_word' id='word_1_151' title='bbox 826 2493 921 2555; x_wconf 90' lang='lat' dir='ltr'><strong>turba</strong></span> <span class='ocrx_word' id='word_1_152' title='bbox 934 2494 1103 2573; x_wconf 88' lang='lat' dir='ltr'><strong>sequatur!</strong></span> 
     </span>
     <span class='ocr_line' id='line_1_23' title="bbox 115 2596 1066 2678; baseline -0.001 -17"><span class='ocrx_word' id='word_1_153' title='bbox 115 2597 188 2661; x_wconf 91' lang='lat' dir='ltr'><strong>Non</strong></span> <span class='ocrx_word' id='word_1_154' title='bbox 205 2607 271 2660; x_wconf 85' lang='lat' dir='ltr'><strong>erat</strong></span> <span class='ocrx_word' id='word_1_155' title='bbox 286 2597 348 2660; x_wconf 91' lang='lat' dir='ltr'><strong>hoc</strong></span> <span class='ocrx_word' id='word_1_156' title='bbox 365 2596 503 2659; x_wconf 88' lang='lat' dir='ltr'><strong>nimium</strong></span> <span class='ocrx_word' id='word_1_157' title='bbox 520 2615 685 2678; x_wconf 85' lang='lat' dir='ltr'><strong>nunquam</strong></span> <span class='ocrx_word' id='word_1_158' title='bbox 701 2598 764 2659; x_wconf 81' lang='lat' dir='ltr'><strong>nisi</strong></span> <span class='ocrx_word' id='word_1_159' title='bbox 778 2617 897 2678; x_wconf 85' lang='lat' dir='ltr'><strong>magna</strong></span> <span class='ocrx_word' id='word_1_160' title='bbox 911 2597 1066 2678; x_wconf 84' lang='lat' dir='ltr'><strong>loquenti.</strong></span> 
     </span>
     <span class='ocr_line' id='line_1_24' title="bbox 117 2700 1002 2783; baseline 0.002 -19"><span class='ocrx_word' id='word_1_161' title='bbox 117 2702 219 2781; x_wconf 79' lang='lat' dir='ltr'><strong>Quid,</strong></span> <span class='ocrx_word' id='word_1_162' title='bbox 236 2701 321 2783; x_wconf 79' lang='lat' dir='ltr'><strong>quod</strong></span> <span class='ocrx_word' id='word_1_163' title='bbox 337 2713 370 2764; x_wconf 96' lang='lat' dir='ltr'><strong>et</strong></span> <span class='ocrx_word' id='word_1_164' title='bbox 385 2702 452 2782; x_wconf 89' lang='lat' dir='ltr'><strong>ipse</strong></span> <span class='ocrx_word' id='word_1_165' title='bbox 467 2700 574 2783; x_wconf 81' lang='lat' dir='ltr'><strong>fugit?</strong></span> <span class='ocrx_word' id='word_1_166' title='bbox 596 2702 674 2779; x_wconf 87' lang='lat' dir='ltr'><strong>vidi,</strong></span> <span class='ocrx_word' id='word_1_167' title='bbox 692 2701 868 2783; x_wconf 87' lang='lat' dir='ltr'><strong>puduitque</strong></span> <span class='ocrx_word' id='word_1_168' title='bbox 884 2703 1002 2783; x_wconf 88' lang='lat' dir='ltr'><strong>videre,</strong></span> 
     </span>
     <span class='ocr_line' id='line_1_25' title="bbox 116 2805 955 2888; baseline -0.001 -18"><span class='ocrx_word' id='word_1_169' title='bbox 116 2809 199 2870; x_wconf 83' lang='lat' dir='ltr'><strong>Oirtn</strong></span> <span class='ocrx_word' id='word_1_170' title='bbox 215 2818 249 2869; x_wconf 92' lang='lat' dir='ltr'><strong>tu</strong></span> <span class='ocrx_word' id='word_1_171' title='bbox 267 2805 470 2886; x_wconf 70' lang='lat' dir='ltr'><strong>tergedum,</strong></span> <span class='ocrx_word' id='word_1_172' title='bbox 488 2806 719 2885; x_wconf 88' lang='lat' dir='ltr'><strong>inhonesteque</strong></span> <span class='ocrx_word' id='word_1_173' title='bbox 737 2806 808 2868; x_wconf 87' lang='lat' dir='ltr'><strong>vela</strong></span> <span class='ocrx_word' id='word_1_174' title='bbox 824 2825 955 2888; x_wconf 86' lang='lat' dir='ltr'><strong>parares.</strong></span> 
     </span>
     <span class='ocr_line' id='line_1_26' title="bbox 116 2907 1151 2991; baseline -0.001 -17"><span class='ocrx_word' id='word_1_175' title='bbox 116 2912 184 2974; x_wconf 90' lang='lat' dir='ltr'><strong>Nec</strong></span> <span class='ocrx_word' id='word_1_176' title='bbox 201 2930 298 2988; x_wconf 88' lang='lat' dir='ltr'><strong>mora,</strong></span> <span class='ocrx_word' id='word_1_177' title='bbox 317 2909 429 2976; x_wconf 76' lang='lat' dir='ltr'><strong>‘Quid</strong></span> <span class='ocrx_word' id='word_1_178' title='bbox 443 2907 573 2972; x_wconf 84' lang='lat' dir='ltr'><strong>facitis?</strong></span> <span class='ocrx_word' id='word_1_179' title='bbox 597 2928 669 2989; x_wconf 74' lang='lat' dir='ltr'><strong>quae</strong></span> <span class='ocrx_word' id='word_1_180' title='bbox 685 2929 744 2972; x_wconf 86' lang='lat' dir='ltr'><strong>vos</strong></span> <span class='ocrx_word' id='word_1_181' title='bbox 759 2911 943 2990; x_wconf 86' lang='lat' dir='ltr'><strong>dementia‚&#39;</strong></span> <span class='ocrx_word' id='word_1_182' title='bbox 959 2913 1037 2991; x_wconf 81' lang='lat' dir='ltr'><strong>dixi,</strong></span> <span class='ocrx_word' id='word_1_183' title='bbox 1084 2913 1151 2976; x_wconf 78' lang='lat'><strong>225</strong></span> 
     </span>
     <span class='ocr_line' id='line_1_27' title="bbox 119 3013 929 3095; baseline 0 -17"><span class='ocrx_word' id='word_1_184' title='bbox 119 3015 295 3092; x_wconf 68' lang='lat' dir='ltr'><strong>‘Concitet</strong></span> <span class='ocrx_word' id='word_1_185' title='bbox 313 3033 332 3074; x_wconf 95' lang='lat' dir='ltr'><strong>o</strong></span> <span class='ocrx_word' id='word_1_186' title='bbox 347 3013 438 3090; x_wconf 76' lang='lat' dir='ltr'><strong>socii,</strong></span> <span class='ocrx_word' id='word_1_187' title='bbox 452 3024 577 3094; x_wconf 86' lang='lat' dir='ltr'><strong>captam</strong></span> <span class='ocrx_word' id='word_1_188' title='bbox 592 3013 753 3077; x_wconf 84' lang='lat' dir='ltr'><strong>dimittere</strong></span> <span class='ocrx_word' id='word_1_189' title='bbox 771 3015 929 3095; x_wconf 80' lang='lat' dir='ltr'><strong>Trojaml</strong></span> 
     </span>
     <span class='ocr_line' id='line_1_28' title="bbox 118 3117 1027 3189; baseline 0.002 -6"><span class='ocrx_word' id='word_1_190' title='bbox 118 3120 251 3189; x_wconf 78' lang='lat' dir='ltr'><strong>Quidve</strong></span> <span class='ocrx_word' id='word_1_191' title='bbox 267 3119 400 3181; x_wconf 90' lang='lat' dir='ltr'><strong>domum</strong></span> <span class='ocrx_word' id='word_1_192' title='bbox 417 3117 504 3184; x_wconf 83' lang='lat' dir='ltr'><strong>sertis</strong></span> <span class='ocrx_word' id='word_1_193' title='bbox 520 3117 646 3181; x_wconf 87' lang='lat' dir='ltr'><strong>decimo</strong></span> <span class='ocrx_word' id='word_1_194' title='bbox 662 3120 724 3182; x_wconf 88' lang='lat' dir='ltr'><strong>uisi</strong></span> <span class='ocrx_word' id='word_1_195' title='bbox 740 3119 880 3184; x_wconf 88' lang='lat' dir='ltr'><strong>dedecus</strong></span> <span class='ocrx_word' id='word_1_196' title='bbox 896 3141 981 3184; x_wconf 88' lang='lat' dir='ltr'><strong>anno</strong></span> <span class='ocrx_word' id='word_1_197' title='bbox 995 3124 1027 3185; x_wconf 86' lang='lat'><strong>?&#39;</strong></span> 
     </span>
     <span class='ocr_line' id='line_1_29' title="bbox 118 3223 959 3307; baseline 0.002 -20"><span class='ocrx_word' id='word_1_198' title='bbox 118 3226 256 3288; x_wconf 87' lang='lat' dir='ltr'><strong>Talibus</strong></span> <span class='ocrx_word' id='word_1_199' title='bbox 271 3235 365 3305; x_wconf 89' lang='lat' dir='ltr'><strong>atque</strong></span> <span class='ocrx_word' id='word_1_200' title='bbox 381 3223 461 3301; x_wconf 88' lang='lat' dir='ltr'><strong>eliis,</strong></span> <span class='ocrx_word' id='word_1_201' title='bbox 479 3224 512 3286; x_wconf 88' lang='lat' dir='ltr'><strong>iu</strong></span> <span class='ocrx_word' id='word_1_202' title='bbox 528 3243 601 3304; x_wconf 83' lang='lat' dir='ltr'><strong>quae</strong></span> <span class='ocrx_word' id='word_1_203' title='bbox 616 3223 706 3286; x_wconf 93' lang='lat' dir='ltr'><strong>dolor</strong></span> <span class='ocrx_word' id='word_1_204' title='bbox 722 3224 788 3307; x_wconf 91' lang='lat' dir='ltr'><strong>ipse</strong></span> <span class='ocrx_word' id='word_1_205' title='bbox 804 3225 959 3290; x_wconf 89' lang='lat' dir='ltr'><strong>disertum</strong></span> 
     </span>
     <span class='ocr_line' id='line_1_30' title="bbox 118 3327 863 3410; baseline 0.004 -19"><span class='ocrx_word' id='word_1_206' title='bbox 118 3331 262 3408; x_wconf 84' lang='lat' dir='ltr'><strong>Fecerat,</strong></span> <span class='ocrx_word' id='word_1_207' title='bbox 279 3349 406 3392; x_wconf 87' lang='lat' dir='ltr'><strong>aversos</strong></span> <span class='ocrx_word' id='word_1_208' title='bbox 421 3327 555 3410; x_wconf 69' lang='lat' dir='ltr'><strong>profuga</strong></span> <span class='ocrx_word' id='word_1_209' title='bbox 570 3329 609 3391; x_wconf 91' lang='lat' dir='ltr'><strong>de</strong></span> <span class='ocrx_word' id='word_1_210' title='bbox 625 3329 725 3392; x_wconf 84' lang='lat' dir='ltr'><strong>classe</strong></span> <span class='ocrx_word' id='word_1_211' title='bbox 742 3329 863 3396; x_wconf 86' lang='lat' dir='ltr'><strong>reduxi.</strong></span> 
     </span>
     <span class='ocr_line' id='line_1_31' title="bbox 116 3434 1152 3518; baseline 0.003 -21"><span class='ocrx_word' id='word_1_212' title='bbox 116 3437 284 3498; x_wconf 81' lang='lat' dir='ltr'><strong>Convocat</strong></span> <span class='ocrx_word' id='word_1_213' title='bbox 300 3434 426 3496; x_wconf 87' lang='lat' dir='ltr'><strong>Atrides</strong></span> <span class='ocrx_word' id='word_1_214' title='bbox 442 3435 545 3496; x_wconf 89' lang='lat' dir='ltr'><strong>socios</strong></span> <span class='ocrx_word' id='word_1_215' title='bbox 561 3445 677 3497; x_wconf 89' lang='lat' dir='ltr'><strong>terrore</strong></span> <span class='ocrx_word' id='word_1_216' title='bbox 694 3448 856 3518; x_wconf 83' lang='lat' dir='ltr'><strong>paventes,</strong></span> <span class='ocrx_word' id='word_1_217' title='bbox 1085 3436 1152 3500; x_wconf 80' lang='lat'><strong>230</strong></span> 
     </span>
     <span class='ocr_line' id='line_1_32' title="bbox 117 3538 996 3621; baseline 0.003 -18"><span class='ocrx_word' id='word_1_218' title='bbox 117 3541 184 3604; x_wconf 89' lang='lat' dir='ltr'><strong>Nec</strong></span> <span class='ocrx_word' id='word_1_219' title='bbox 202 3538 451 3602; x_wconf 83' lang='lat' dir='ltr'><strong>Telamoniades</strong></span> <span class='ocrx_word' id='word_1_220' title='bbox 466 3541 564 3602; x_wconf 90' lang='lat' dir='ltr'><strong>etiam</strong></span> <span class='ocrx_word' id='word_1_221' title='bbox 580 3559 666 3603; x_wconf 89' lang='lat' dir='ltr'><strong>nunc</strong></span> <span class='ocrx_word' id='word_1_222' title='bbox 682 3540 805 3603; x_wconf 85' lang='lat' dir='ltr'><strong>hiscere</strong></span> <span class='ocrx_word' id='word_1_223' title='bbox 820 3539 996 3621; x_wconf 86' lang='lat' dir='ltr'><strong>quidquam</strong></span> 
     </span>
     <span class='ocr_line' id='line_1_33' title="bbox 117 3643 867 3726; baseline 0 -18"><span class='ocrx_word' id='word_1_224' title='bbox 117 3645 234 3722; x_wconf 77' lang='lat' dir='ltr'><strong>Audet,</strong></span> <span class='ocrx_word' id='word_1_225' title='bbox 251 3655 283 3704; x_wconf 89' lang='lat' dir='ltr'><strong>et</strong></span> <span class='ocrx_word' id='word_1_226' title='bbox 299 3661 395 3705; x_wconf 87' lang='lat' dir='ltr'><strong>ausus</strong></span> <span class='ocrx_word' id='word_1_227' title='bbox 409 3655 474 3706; x_wconf 90' lang='lat' dir='ltr'><strong>erat</strong></span> <span class='ocrx_word' id='word_1_228' title='bbox 491 3662 580 3726; x_wconf 84' lang='lat' dir='ltr'><strong>reges</strong></span> <span class='ocrx_word' id='word_1_229' title='bbox 597 3643 755 3708; x_wconf 88' lang='lat' dir='ltr'><strong>incessere</strong></span> <span class='ocrx_word' id='word_1_230' title='bbox 771 3644 867 3708; x_wconf 89' lang='lat' dir='ltr'><strong>dictis</strong></span> 
     </span>
    </p>
   </div>
   <div class='ocr_carea' id='block_1_3' title="bbox 0 0 1328 4178">
    <p class='ocr_par' dir='ltr' id='par_1_3' title="bbox 0 0 1328 4178">
     <span class='ocr_line' id='line_1_34' title="bbox 0 0 1328 4178; baseline 0 0"><span class='ocrx_word' id='word_1_231' title='bbox 0 0 1328 4178; x_wconf 95' lang='lat' dir='ltr'><strong> </strong></span> 
     </span>
    </p>
   </div>
  </div>
 </body>
</html>
