2646 4176
129 343 171 410 14
413 363 532 416 ovrrre
554 363 878 416 amrauoaruosne.

126 517 209 582 Oirm
225 517 316 598 mihi,
333 518 388 600 qui
403 518 538 604 fulmen,
555 519 611 602 qui
626 539 685 584 vos
700 519 868 599 habeoque
883 541 1036 606 regeque,
1088 543 1091 550 ’

126 621 288 688 struxerit
303 623 437 688 insidias
451 635 550 688 notus
564 623 690 688 feritate
707 623 881 704 Lycaeni'

169 725 397 794 Confremuere
414 748 536 809 omnes,
553 728 730 810 studiisque
746 728 932 794 ardentibus
947 752 1062 800 ausum

126 830 224 894 'l'alia
239 832 426 916 deposcunt.
475 834 542 912 Sic,
557 833 631 897 cirm
648 853 763 896 manus
778 833 878 918 impia
890 838 983 900 saevit
1094 842 1162 905 200

129 934 295 1018 Sanguine
312 927 457 1012 Caesareo
473 939 661 1002 Romanum
676 913 882 1020 exstinguere
896 960 1028 1024 nornen,

75 1091 78 1096 .
124 1041 312 1106 Attonitum
328 1052 417 1105 tanto
433 1041 548 1106 subitae
565 1052 680 1106 terrore
696 1041 798 1106 ruinae

124 1144 317 1209 Humanum
331 1165 433 1228 genus
449 1158 507 1227 est,
525 1157 674 1228 totusque
691 1148 866 1232 perhorruit
882 1149 987 1231 orbis,

123 1247 192 1312 Nec
210 1249 269 1312 tibi
285 1262 375 1331 grata
389 1251 494 1315 minirs
509 1252 621 1334 pietas,
638 1252 786 1334 Auguste
813 1263 952 1334 tuorum,

125 1352 236 1420 Quam
252 1352 315 1417 fuit
331 1354 387 1417 illa
401 1355 484 1419 Jovi.
533 1356 604 1424 Qui
620 1366 790 1438 postquam
805 1375 886 1422 voce
900 1377 1063 1442 manuque
1097 1363 1164 1426 205

124 1457 289 1522 Murmura
303 1461 501 1543 compressit,
517 1462 651 1524 tenuere
665 1461 795 1524 silentia
809 1464 929 1526 cuncti.
1019 1477 1026 1490 ·

126 1561 279 1627 Substitit
296 1575 332 1628 ut
347 1567 477 1646 clamor,
495 1585 622 1650 pressus
636 1567 792 1649 gravitate
819 1568 970 1650 regentis,

123 1667 250 1748 Jupiter
264 1668 327 1732 hoc
343 1670 460 1734 iterum
477 1660 622 1736 sermone
638 1672 766 1734 silentia
780 1673 884 1753 rupit:

126 1770 203 1832 ‘llle
219 1771 351 1850 quidem
367 1793 478 1854 poenas
495 1765 627 1856 (carram¹
637 1774 721 1836 hanc
737 1773 910 1859 dimittite)
924 1775 1043 1852 solvit3

125 1872 227 1940 Quod
242 1883 351 1936 tamen
366 1874 555 1953 admissum,
570 1894 642 1955 quae
659 1876 700 1935 sit
715 1874 868 1951 vindicta,
885 1875 1018 1936 docebo.
1095 1875 1163 1938 210

125 1978 311 2059 Contigerat
327 1988 450 2041 nostras
466 1977 600 2042 infamia
614 1977 767 2058 temporis
783 1997 895 2058 aures;

125 2081 237 2149 Quam
252 2083 386 2165 cupiens
403 2081 527 2162 falsam,
543 2099 670 2146 summo
686 2080 816 2144 delabor
832 2081 982 2166 Olympo,

125 2187 170 2249 Et
186 2187 266 2251 deus
281 2187 424 2252 humani
438 2186 538 2252 lustro
554 2188 614 2250 sub
630 2185 772 2268 imagine
788 2197 895 2250 terras.

125 2291 240 2374 Longa
254 2303 416 2373 moreest,
432 2302 590 2373 quantum
606 2311 702 2354 noxae
718 2292 760 2354 sit
776 2291 896 2374 ubique
913 2307 1083 2376 repertum,

125 2396 341 2461 Enumerare:
365 2397 471 2461 minor
485 2396 546 2460 fuit
563 2397 631 2478 ipsa
646 2395 780 2462 infamia
794 2416 879 2460 veru
971 2429 977 2437 ·
1095 2401 1163 2464 215

125 2500 264 2564 Maenala
278 2503 475 2580 transieram,
491 2501 621 2566 latebris
636 2501 794 2566 horrenda
811 2501 959 2583 serarum,

126 2604 171 2668 Et
185 2625 262 2670 cum
276 2606 413 2688 Cyllene
429 2607 529 2688 gelidi
544 2607 804 2690 pineta'Lycaei„
846 2605 849 2614 ’

125 2710 266 2773 Arcados
281 2711 358 2775 hinc
374 2711 466 2774 sedes
481 2722 512 2774 et
529 2712 692 2795 inhospita
708 2723 794 2775 tecta
809 2703 938 2791 tyranni
973 2710 977 2719 '

125 2814 300 2898 Ingredior‚
316 2816 478 2878 traherent
493 2815 570 2879 edm
586 2836 655 2878 sera
668 2814 856 2896 crepuscula
869 2823 1010 2875 noctem.

126 2919 230 3001 Signa
244 2919 319 2983 dedi
333 2919 460 2983 venisse
477 2919 585 2998 deum,
603 2917 781 2998 vulgusque
798 2917 918 2999 precari
1095 2917 1163 2980 220

125 3025 282 3108 Ooeperat.
330 3025 442 3090 Irridet
459 3024 562 3108 primd
577 3023 630 3106 pia
643 3021 880 3106 votayLycaon,

125 3129 205 3193 Mox
220 3131 275 3211 ait,
294 3131 478 3213 ‘Experiaq
495 3129 575 3192 deus
590 3127 653 3205 hic,
670 3125 855 3188 discrimine
871 3133 990 3208 aperto,

124 3235 178 3296 An
193 3234 235 3296 sit
249 3236 391 3297 mortalis
405 3256 412 3314 ;
436 3254 496 3296 nec
512 3232 571 3295 erit
587 3230 763 3295 dubitabile
778 3230 913 3294 verum!

125 3338 228 3401 Nocte
245 3358 376 3420 gravem
391 3357 505 3400 somno
520 3336 678 3418 necopini
693 3335 821 3418 perdere
836 3345 939 3398 morte

126 3441 181 3506 Me
197 3453 303 3526 parat:
326 3444 398 3506 haec
415 3442 462 3504 illi
477 3441 581 3524 placet
596 3441 794 3524 experientia
809 3440 884 3502 veri.
914 3477 916 3484 ι
1094 3439 1163 3503 225

126 3544 195 3611 Nec
211 3558 383 3611 contentus
398 3567 436 3610 eo
453 3545 597 3610 misaida
613 3556 710 3628 gente
727 3544 868 3608 Molossi

128 3651 257 3716 Obsidis
270 3653 368 3717 unius
380 3650 532 3736 jugulum
549 3669 701 3715 mucrone
717 3649 858 3727 resolvit,

126 3755 233 3840 Atque
249 3757 294 3824 ita
308 3760 487 3825 semineces
502 3757 616 3843 partim
631 3753 831 3820 ferventibus
846 3762 933 3816 artus
