2636 4178
105 281 148 343 8⁰
390 301 508 352 ovrou
529 298 852 351 uxrxuonexosxs.

106 456 269 538 Exiguam
286 455 394 520 sedem
411 456 557 540 puriturae
574 465 655 518 terra
670 454 822 536 negavit?
1098 451 1141 517 40

104 561 172 625 Nee
188 562 270 626 coelo
286 583 345 626 nec
362 565 463 626 humo
479 581 539 625 neo
555 549 646 642 aqriis
661 561 723 622 dea
737 570 842 622 vestra
857 568 985 641 recepta
998 567 1057 620 est.

105 667 209 730 Exsul
226 679 292 731 erat
308 668 431 748 mundi,
448 666 550 730 donec
567 665 716 728 miserata
731 676 915 744 vagantem,

107 773 262 855 ‘Hospita
278 785 311 836 tu
330 774 419 835 terris
434 792 527 848 erras,
544 773 627 852 ego,'
643 769 736 847 dixit,
756 769 807 831 ‘in
824 769 939 846 undis,’

106 879 357 958 Instabilemque
373 878 481 968 locutu
498 875 598 939 Delos
614 874 712 936 dedit.
760 873 819 936 Illa
834 873 971 936 duorum

106 983 209 1045 Facta
225 1003 346 1065 parens,
360 983 442 1045 uteri
459 1002 527 1064 pars
543 991 591 1043 est
607 981 677 1041 haec
694 977 829 1060 'septima
845 979 954 1040 nostri.
1098 976 1142 1040 45

107 1087 188 1150 Sum
204 1086 302 1149 felix:
327 1088 399 1167 quis
415 1088 503 1149 enim
519 1095 615 1167 neget
631 1085 717 1148 hoe?
741 1082 882 1163 felixque
899 1084 1047 1146 manebo.

105 1191 179 1254 Hoo
196 1192 323 1272 qudque
340 1193 411 1273 quis
427 1191 577 1255 dubitet?
602 1201 704 1253 tutam
721 1209 772 1252 me
789 1189 883 1270 copia
898 1187 984 1250 feeit.

106 1295 208 1376 Major
223 1318 305 1374 sum,
322 1299 417 1378 quern
432 1297 485 1359 cui
501 1297 598 1378 possit
616 1296 761 1357 Fortuna
776 1313 890 1356 nocere
905 1315 912 1374 3

105 1402 271 1482 Multaque
287 1413 324 1464 ut
338 1402 459 1484 eripiat,
476 1400 579 1463 multo
595 1400 676 1462 mihi
691 1399 782 1482 plura
797 1399 962 1478 relinquet.

107 1505 285 1570 Excessere
304 1519 426 1569 metum
442 1526 515 1568 mea
526 1503 594 1585 jam
611 1506 704 1567 bona.
752 1505 883 1586 Fingite
900 1503 988 1566 derni
1100 1503 1141 1566 50

105 1610 193 1673 Huic
210 1611 331 1692 aliquid
349 1611 465 1692 populo
482 1625 629 1672 natorum
646 1630 736 1692 posse
753 1629 909 1686 meorum,

104 1713 177 1777 Non
194 1728 302 1778 tamen
318 1717 358 1778 ad
374 1735 543 1778 numerum
562 1715 684 1796 redigar
700 1714 834 1796 spoliata
849 1714 986 1777 duorum

105 1820 260 1884 Latonae:
286 1821 378 1884 turba
393 1817 626 1900 quoffqurintirm
643 1820 739 1881 distat
756 1821 796 1881 ab
813 1819 911 1892 orbi?

107 1926 155 1988 Ite
172 1927 277 2003 saoriS,
296 1937 457 2008 properate
474 1925 579 2003 sacru,
597 1924 784 2004 laurumque
796 1923 923 2005 'capillis

106 2025 243 2092 Ponite!
289 2030 474 2112 Deponunt,
491 2043 523 2092 et
540 2051 628 2092 sacra
644 2029 762 2092 infecta
779 2030 963 2108 relinquunt
978 2049 985 2107 ;
1100 2030 1142 2091 55

106 2136 269 2214 Quodque
286 2135 371 2212 lieet,
389 2137 485 2198 tacito
501 2147 691 2198 venerantur
707 2154 867 2196 rnurmrrre
885 2153 1015 2196 numen.

151 2240 323 2330 lndignata
338 2241 398 2302 dea
413 2252 470 2316 est,
488 2260 677 2321 summoque
695 2240 728 2300 in
745 2239 863 2301 vertice
880 2239 1004 2321 Cynthi

107 2343 246 2407 Talibus
261 2356 310 2407 est
325 2345 419 2407 dictis
436 2345 656 2426 geminiacum
673 2345 758 2426 prole
775 2344 905 2406 locuta:

108 2451 180 2512 ‘En
196 2469 266 2532 ega,
284 2463 387 2514 vestra
403 2471 524 2532 parens,
543 2451 633 2513 vobis
648 2451 793 2512 animosa
808 2450 931 2528 creatu,

109 2555 152 2618 Et
170 2557 230 2619 nisi
246 2557 265 2619 J
269 2557 366 2618 unoni
384 2557 463 2618 nulli
480 2576 606 2618 cessura
622 2556 764 2633 dearum,
1100 2554 1143 2616 60

106 2662 159 2724 An
174 2662 235 2723 dea
249 2663 321 2740 sim,
338 2661 475 2739 dubitor,
494 2681 608 2743 perque
625 2661 733 2722 omnia
748 2659 857 2723 secula
871 2658 966 2722 cultis

106 2769 235 2845 Arceor,
252 2787 271 2828 ο
288 2766 364 2846 nati,
382 2767 444 2828 nisi
459 2785 517 2826 vos
532 2767 728 2844 succurritis²
745 2767 815 2827 aria.

9 2935 15 2942 .
107 2873 174 2936 Nec
191 2872 281 2935 dolor
297 2872 350 2933 hio
367 2869 475 2932 solus:
499 2869 568 2931 diro
584 2871 733 2930 convicia
748 2867 832 2930 sacto

108 2977 257 3041 Tantalis
273 2974 400 3056 adjecit,
418 2993 539 3053 vosque
556 2985 602 3036 est
620 2985 807 3055 postponere
825 2973 908 3036 natis

107 3086 195 3150 Ausa
211 3081 296 3160 suis3
320 3090 352 3140 et
369 3099 420 3141 me
438 3077 539 3160 (quod
556 3079 587 3140 in
607 3079 707 3160 ipsam
724 3077 858 3164 recidat)
875 3079 985 3141 orbam
1101 3077 1144 3142 65

108 3189 209 3262 Dixit¹
226 3198 258 3249 et
273 3183 422 3248 exhibuit
438 3183 581 3266 linguam
599 3181 751 3245 scelerata
767 3184 950 3264 paternam.’

106 3293 280 3374 Adjectura
295 3311 404 3374 preces
420 3303 485 3352 erat
501 3290 551 3352 lris
568 3289 692 3352 Latona
709 3288 833 3352 relatis:
939 3330 941 3334 -

109 3399 270 3475 ‘Desine,'
287 3397 430 3459 Phoebus
445 3397 499 3472 ait,
519 3405 639 3477 ‘poenae
657 3415 745 3456 rnora
760 3394 856 3475 longa
872 3393 1000 3475 querela
1014 3395 1084 3456 est!

106 3507 197 3570 Dixit
214 3504 299 3566 idern
316 3501 455 3580 Phoebe3
479 3501 637 3582 celerique
655 3520 707 3582 per
723 3502 795 3562 aiira
811 3499 899 3582 lapsu

106 3611 316 3692 Contigerant
333 3607 410 3670 teeti
425 3605 602 3672 Cadmeida
617 3606 759 3669 nubibus
774 3623 888 3667 arcem.
912 3673 915 3680 ,
1102 3604 1145 3668 70
