2636 4178
112 269 177 334 138
412 289 529 358 ovro’s
551 289 874 341 nmnnomnoses

111 445 246 508 Pectora
260 447 407 528 semper,’
424 444 478 524 ait,
497 445 630 508 ‘vestris
646 445 788 508 exercita
802 444 906 507 rebus.
1084 441 1153 507 265

111 552 155 613 At
170 550 252 613 nihil
268 551 426 634 impendit
442 569 497 634 per
512 561 559 613 tot
576 549 790 614 Telamonius
806 569 907 612 annos
1072 543 1074 548 ’

111 655 290 738 Sanguinis
307 657 341 719 in
356 657 470 736 socios,
487 667 519 718 et
535 655 632 718 habet
649 656 717 718 sine
733 655 864 718 vulnere
879 673 1004 737 eorpus.

157 761 250 828 Quid
265 773 373 824 tamen
389 763 452 824 hoc
468 759 572 841 refert,
590 763 617 823 si
632 781 666 824 se
682 781 737 844 pro
753 761 854 823 classe
870 759 1007 842 Pelasgi

111 867 211 930 Arma
226 867 336 929 tulisse
352 865 447 929 refert
462 878 574 929 contra
590 866 756 947 Troasque
772 865 951 946 lovemque
962 867 989 927 ?‘

112 972 349 1052 Confiteorque,
367 972 462 1035 tulit:
487 991 590 1053 neque
606 971 692 1034 enirn
708 972 790 1033 bene
807 969 892 1034 sacta
906 969 1048 1052 maligne
1086 969 1153 1034 270

113 1077 298 1140 Detrectare
314 1097 423 1139 meum
441 1087 507 1157 est;
532 1076 628 1140 modo
644 1096 685 1138 ne
701 1077 889 1139 communia
903 1076 990 1138 solus

113 1181 270 1264 Occupet,
286 1193 380 1262 atque
396 1181 537 1263 aliquem
554 1181 647 1244 nobis
663 1181 789 1262 quoque
805 1181 915 1244 reddat
931 1183 1097 1244 honorem.

113 1285 247 1370 Repulit
263 1287 440 1365 Actorides,
458 1289 518 1350 sub
536 1287 675 1368 imagine
692 1297 783 1349 tutus
799 1286 944 1366 Achillis,

26 1424 34 1447 ι
115 1393 219 1455 Troas
235 1395 275 1455 ab
292 1393 407 1456 arsuris
422 1413 499 1455 curn
514 1392 680 1455 defensore
697 1391 821 1455 carinis.

113 1499 240 1562 Ausum
255 1499 353 1561 etiam
368 1499 530 1561 Hectoreo
547 1498 652 1560 solum
669 1517 856 1560 concurrere
872 1496 969 1559 Marti
1088 1495 1156 1574 275

114 1601 158 1666 Se
176 1615 276 1688 putat,
295 1603 414 1666 oblitus
431 1605 577 1685 regisque
594 1603 778 1682 ducumque
796 1602 933 1682 meique,

112 1707 226 1772 Nonus
242 1709 275 1770 in
292 1709 409 1788 officio,
426 1720 458 1771 et
475 1709 621 1791 praelatus
635 1727 767 1770 munere
784 1707 885 1769 sortis.

114 1814 181 1877 Sed
197 1826 304 1877 tarnen
321 1826 457 1876 eventus
473 1825 597 1892 vestrm,
615 1813 796 1892 fortissime,
814 1831 931 1895 pugnae

114 1918 201 1988 Quis
217 1918 304 1981 fuit?
350 1920 473 1982 Hector
489 1919 556 1981 abit
572 1918 712 1981 violatus
727 1919 860 1982 vulnere
877 1917 973 1980 nullo.

158 2025 211 2094 Me
228 2027 390 2104 miserum,
408 2036 528 2104 quanto
544 2044 641 2105 cogor
657 2025 841 2086 meminisse
858 2022 963 2086 dolore
1085 2016 1153 2083 280

113 2129 286 2213 Temporis
303 2129 398 2208 illiue,
416 2145 479 2210 quo
496 2129 628 2192 Graidm
644 2149 765 2208 murus,
782 2128 936 2206 Achilles,

112 2234 310 2316 Procubuit3
335 2254 395 2297 nec
413 2253 462 2296 me
479 2233 630 2316 laerymae
647 2235 817 2315 luctusque
835 2235 993 2314 timorque

113 2339 307 2420 Tardirrunt;
324 2340 402 2421 quin
417 2359 533 2422 corpus
548 2341 648 2402 humo
664 2339 802 2402 sublime
818 2337 976 2403 referrem.

28 2511 40 2532 ,
112 2446 176 2508 His
192 2446 344 2524 humeris,
361 2446 421 2524 his,
439 2446 581 2526 inquam,
599 2446 742 2508 humeris
757 2464 817 2526 ego
834 2460 949 2526 corpus
966 2441 1102 2505 Achillis

113 2551 158 2613 Et
174 2535 270 2614 simul
281 2541 375 2614 'arma
390 2549 469 2614 tuli:
494 2570 567 2631 quae
584 2571 670 2615 nunc
688 2551 815 2650 quoque
832 2548 911 2612 serre
929 2548 1048 2611 laboro.
1088 2545 1155 2611 285

114 2657 199 2720 Sunt
215 2658 306 2736 mihi,
323 2676 395 2736 quae
412 2657 539 2719 valeant
556 2657 589 2720 in
606 2657 681 2718 talia
697 2655 845 2738 pondera,
863 2656 966 2734 vires,

113 2761 175 2824 Est
191 2763 317 2825 animus
332 2763 418 2824 certe
435 2773 557 2824 vestros
573 2781 724 2824 sensurus
740 2763 887 2824 honores

114 2866 247 2930 Scilicet
264 2867 381 2929 iccirco
398 2887 452 2949 pro
469 2859 567 2948 gnato
584 2867 702 2929 caerula
717 2877 819 2930 mater

113 2971 295 3033 Ambitiosa
309 2991 367 3032 suo
384 2969 455 3050 fuit,
472 2982 508 3033 ut
524 2969 667 3034 coelestia
682 2969 777 3052 dona,

112 3077 200 3140 Artis
215 3095 294 3158 opus
311 3086 419 3156 tantae,
437 3076 524 3140 rudis
539 3088 572 3139 et
588 3077 656 3139 sine
674 3088 800 3158 pectore
817 3075 911 3139 miles
1089 3071 1157 3135 290

113 3181 282 3245 Indueret!
307 3201 411 3264 neque
429 3182 517 3245 enim
533 3182 640 3265 clypei
656 3182 824 3246 caelamina
840 3181 943 3260 novit,

113 3286 280 3351 Oceanum
296 3298 329 3350 et
345 3299 442 3350 terras
458 3308 597 3369 cumque
613 3288 679 3350 alto
696 3287 800 3350 sidera
815 3284 908 3366 coelo,

113 3391 323 3475 Pleiadasque
340 3394 538 3476 Hyadesque
556 3395 798 3474 immunemque
815 3391 952 3472 aequoris
968 3392 1099 3469 Arcton,

113 3498 326 3580 Diversaeque
343 3501 437 3562 urbes
453 3500 654 3589 nitidumque
672 3499 798 3562 Orionis
814 3517 935 3561 ensem.

7 3661 10 3668 .
114 3603 261 3666 Postulat
277 3615 313 3665 ut
329 3604 444 3684 capiat,
461 3625 533 3685 quae
550 3625 616 3668 non
632 3604 794 3686 intelligit,
812 3621 909 3666 arma.
1090 3597 1159 3666 295

159 3706 278 3776 Quid?
301 3706 387 3792 quod
402 3728 465 3788 me,
482 3709 554 3777 duri
568 3709 749 3793 fugientem
764 3727 900 3773 munera
914 3705 1003 3788 belli,
