2636 4178
591 253 692 306 BOOK
712 255 789 307 xm

179 406 361 485 Thersites,
377 407 475 472 etiam
491 429 547 491 per
561 429 614 474 me
631 409 718 473 haud
734 412 876 495 impun'e,
894 423 1070 495 protervus.

179 511 306 594 Erigor,
323 525 356 576 et
373 513 513 596 trepidos
528 515 618 578 cives
633 516 787 580 exhortor
802 518 836 581 iu
851 518 989 598 hostem,

183 618 405 700 amissamque
423 619 496 682 mei
510 620 665 684 virtutem
681 641 762 685 voce
778 619 919 704 reposco.
1157 623 1225 690 235

186 721 344 804 Tempore
360 724 401 787 ab
417 723 479 787 hoc
496 724 712 807 quodcunque
730 738 833 810 potest
849 727 964 791 fecisse
980 727 1083 792 videri

186 826 321 892 Fortiter
336 828 406 907 iste,
423 848 533 894 meum
548 840 607 909 est,
624 831 679 911 qui
695 831 827 896 dantem
843 843 934 915 terga
950 834 1077 896 retraxi.

229 931 373 1015 Denique
390 933 430 996 de
448 935 569 998 Danais
585 937 656 1016 quis
672 948 703 1000 te
719 937 870 1001 laudatve
887 939 1030 1022 petitvei

181 1039 225 1101 At
240 1058 299 1102 sua
315 1039 465 1121 Tydides
482 1058 611 1104 mecum
627 1043 847 1107 communicat
863 1055 943 1126 acta,

177 1142 233 1206 Me
249 1144 373 1226 probat,
390 1155 422 1206 et
438 1146 525 1208 socio
541 1165 666 1229 semper
680 1148 816 1211 confidit
832 1149 938 1214 lJlixe.
1155 1148 1222 1215 240

178 1249 239 1312 Est
254 1248 386 1330 aliquid,
403 1249 443 1312 de
460 1261 508 1313 tot
525 1253 695 1315 Graiorum
710 1254 853 1318 millibus
870 1274 972 1319 unum

180 1356 210 1417 A
224 1354 382 1418 Diomede
398 1354 471 1437 legi.
518 1357 586 1420 Nec
604 1377 654 1420 me
671 1377 738 1421 sors
753 1360 797 1422 ire
810 1357 966 1442 jubebat;

185 1458 241 1522 Sic
256 1469 360 1524 tamen
378 1471 410 1524 et
425 1472 531 1544 spreto
546 1463 714 1543 noctisque
731 1463 896 1545 hostisque
913 1465 1031 1547 periclo

184 1565 308 1628 Ausum
322 1565 444 1646 eadem,
461 1586 533 1648 quae
550 1587 618 1644 nos,
634 1567 779 1650 Phrygii
794 1568 834 1630 de
849 1580 946 1650 gente
962 1569 1092 1633 Dolona

185 1670 354 1734 interimo:
378 1691 443 1735 nou
460 1673 534 1735 ante
551 1683 670 1752 tamen,
687 1675 784 1752 quarn
799 1685 919 1736 cuncta
933 1675 1028 1757 coegi
1153 1674 1222 1739 245

182 1775 325 1855 Prodere,
342 1788 374 1840 et
391 1777 519 1857 edidici,
537 1777 616 1858 quid
631 1776 753 1861 perfida
768 1777 869 1860 Troja
885 1789 1015 1864 pararet.

179 1880 296 1944 Omnia
311 1883 495 1965 cognoram,
512 1902 583 1962 nec,
600 1883 686 1964 quod
703 1883 889 1967 specularer,
906 1885 1077 1967 habebam,

178 1987 221 2050 Et
235 1985 304 2066 jam
321 1989 477 2069 promissa
492 2000 635 2072 poteram
651 2010 727 2053 cum
744 1990 839 2054 laude
855 1991 981 2055 reverti.

179 2093 276 2156 Haud
291 2105 464 2157 contentus
480 2114 529 2172 eo,
548 2097 626 2177 petii
642 2097 779 2160 tentoria
796 2098 908 2178 Rhesi,

178 2199 279 2280 Inque
296 2201 362 2262 suis
380 2201 486 2282 ipsum
502 2202 611 2264 castris
626 2203 826 2283 comitesque
842 2203 975 2286 peremi,
1154 2204 1221 2268 250

176 2308 285 2384 Atque
300 2305 346 2366 ita
360 2307 487 2388 captivo
505 2307 607 2370 victor
620 2309 769 2390 ‘votisque
786 2308 916 2392 potitus,

177 2409 344 2493 Ingredior
358 2431 452 2474 curru
467 2411 559 2475 laetos
575 2413 723 2476 imitante
740 2414 929 2496 triumphos.

178 2513 280 2595 Cujus
295 2536 395 2597 equos
411 2519 548 2599 pretium
565 2537 620 2600 pro
637 2529 733 2580 nocte
750 2527 937 2599 poposcerat
953 2517 1064 2598 hostis,

177 2623 276 2684 Arma
291 2633 406 2704 negate
424 2623 513 2702 mihi,
530 2621 690 2703 fueritque
706 2621 878 2703 benignior
893 2621 988 2702 Ajax.
1059 2661 1062 2670 ι

222 2726 315 2796 Quid
330 2727 426 2809 Lycii
442 2727 577 2792 reseram
595 2727 791 2811 Sarpedonis
806 2727 936 2810 agmina
951 2726 1034 2791 ferro
1153 2729 1220 2792 265

176 2831 354 2895 Devastata
369 2835 465 2897 meo?
511 2835 595 2898 Gunr
611 2834 714 2898 multo
731 2833 888 2916 sanguine
905 2832 975 2898 sudi
1019 2907 1020 2911 Ἰ

177 2937 337 3002 Ooeranon
354 2939 518 3021 Iphitiden
534 2951 567 3003 et
583 2939 793 3021 Alastoraque
810 2941 1063 3022 Chromiumque

178 3035 437 3125 Alcandrumque
455 3043 654 3126 Haliumque
670 3046 901 3127 Noemonaque
917 3046 1160 3128 Prytanimquc,

180 3147 354 3230 Exitioque
370 3149 443 3214 dedi
459 3170 535 3214 cum
552 3151 817 3214 Chersidamante
836 3152 987 3231 Thoona,

176 3255 220 3320 Et
237 3257 418 3338 Charopeu,
437 3255 573 3336 latisque
591 3257 771 3320 immitibus
788 3257 964 3320 Ennomon
979 3267 1099 3335 actum,
1152 3255 1219 3322 260

173 3361 309 3443 Quique
325 3362 431 3425 minus
446 3360 589 3425 celebres
604 3361 712 3425 nostri
727 3363 787 3424 sub
804 3362 965 3424 moenibus
982 3362 1069 3424 urbis

173 3465 381 3530 Procubudre
397 3486 506 3529 manu.
555 3467 641 3530 Sunt
657 3477 689 3530 et
704 3467 787 3529 mihi
802 3466 946 3545 vulnera,
963 3466 1062 3547 cives,

173 3573 251 3656 Ipso
267 3571 402 3656 pulchra
416 3572 510 3635 loco:
536 3591 595 3635 nec
610 3572 703 3635 vanis
718 3569 836 3634 credite
854 3572 969 3652 verbis,
1202 3655 1207 3669 ,

173 3678 318 3762 Aspicite
333 3697 375 3742 sn
386 3678 415 3741 !’
440 3676 642 3774 (pestemque
658 3697 756 3740 manu
773 3676 926 3753 deduxit]
940 3688 984 3758 et,
1003 3677 1104 3743 ‘Haeo
1120 3688 1196 3742 sunt

488 3782 560 3846 12·
