2636 4178
449 571 517 614 'l'lssl
541 569 752 614 numantiam·
775 569 815 614 01·
838 570 948 615 NIOBE.

188 745 305 809 Planus
321 755 388 809 erat
403 745 530 825 lateque
548 754 660 826 pateus
676 764 773 826 prope
790 744 909 807 moenia
923 763 1067 828 campus,

188 852 332 914 Assiduis
348 849 492 933 pulsatus
507 851 598 931 equis
607 871 616 930 ;
642 849 697 912 ubi
714 850 807 912 turba
820 861 961 912 rotarum

186 945 335 1035 Duraque
351 955 508 1018 mollierat
524 954 684 1034 subjectas
699 955 821 1036 ungula
836 954 955 1036 glebas.

183 1061 260 1124 Pars
276 1060 322 1124 ibi
338 1060 378 1123 de
394 1072 516 1138 septem
532 1060 650 1141 genitis
666 1060 849 1141 Amphione
866 1059 964 1122 sortes

96 1175 103 1186 ’
180 1165 416 1229 Gonsoendunt
431 1165 466 1228 in
481 1184 589 1244 equos,
608 1164 775 1246 Tyrioque
790 1165 938 1228 rubentia
953 1183 1031 1236 meo
1178 1167 1221 1230 ⁷5
1309 1169 1310 1176 ’

181 1272 295 1352 Terga
311 1279 468 1352 premunt,
484 1289 623 1349 auroque
640 1289 752 1351 graves
768 1269 972 1333 moderantur
987 1271 1136 1334 habenas.

184 1377 216 1438 E
231 1375 349 1455 quibus
365 1375 519 1454 Ismenos,
536 1375 591 1454 qni
606 1375 700 1438 matri
716 1376 839 1438 sarcina
854 1376 1016 1455 quondam

187 1479 294 1542 Prima
307 1499 372 1542 suae
387 1478 501 1558 fuerat,
517 1479 597 1542 dum
612 1491 736 1542 certum
752 1477 852 1543 flectit
869 1479 901 1541 in
917 1480 1028 1544 orbem

191 1583 413 1666 Quadrupedis
427 1604 548 1664 cursus,
565 1586 809 1666 spumantiaque
828 1603 881 1646 ora
897 1587 1033 1662 coircet,

194 1688 278 1750 ‘Hei
293 1690 405 1753 mibil’
422 1690 612 1766 conclamat,
631 1688 800 1782 medioque
818 1689 850 1751 in
867 1701 993 1770 pectore
1009 1688 1077 1752 fixa

189 1794 273 1856 Tela
287 1795 374 1876 gerit,
390 1793 550 1875 frenisque
567 1813 666 1858 manu
682 1794 838 1858 moriente
855 1793 1003 1876 remissis,

182 1901 222 1964 In
238 1899 323 1962 latus
337 1919 358 1961 a
371 1899 483 1962 dextro
500 1899 654 1981 paulatim
671 1898 783 1963 defluit
799 1918 896 1962 armo.

180 2003 490 2083 Proximus,.audito
506 2004 614 2068 sonitu
630 2005 794 2088 perinane
810 2005 964 2087 pharetrae

183 2109 291 2172 Frena
306 2109 402 2172 dabat
419 2109 562 2192 Sipylus,
578 2110 680 2173 veluti
696 2111 770 2174 clun
787 2111 937 2193 prescius
953 2110 1064 2174 imbris

182 2213 277 2277 Nube
293 2212 377 2294 fugit
393 2215 471 2294 visi,
489 2215 722 2297 pendentiaque
740 2215 883 2295 undique
899 2225 1002 2279 rector

182 2319 322 2382 Carbasa
336 2318 476 2397 deducit,
494 2338 534 2381 ne
550 2319 709 2399 qualevis
725 2321 833 2384 effluat
849 2339 935 2383 aura.

183 2423 292 2485 Frena
307 2436 415 2485 tamen
430 2423 562 2486 dantem
577 2443 643 2487 non
658 2425 810 2488 evitabile
826 2425 927 2488 telum

183 2528 408 2608 Consequitur,
424 2517 613 2609 summique
630 2541 769 2592 tremens
783 2531 907 2592 cervice
923 2530 1042 2611 sagitta

183 2632 300 2710 Haesit,
317 2645 349 2695 et
365 2635 509 2696 exstabat
525 2633 649 2696 nudum
664 2633 704 2694 de
721 2644 850 2715 gutture
866 2632 994 2696 ferrum.

184 2738 255 2817 Ille,
272 2749 306 2800 ut
322 2749 388 2800 erat
406 2758 533 2820 pronus,
550 2758 606 2821 per
621 2738 704 2801 colla
719 2738 858 2800 admissa
869 2736 1026 2818 jubasque

185 2841 341 2921 Volvitur,
357 2857 389 2907 et
405 2843 510 2904 calido
526 2843 671 2906 tellurem
687 2844 843 2925 sanguine
859 2842 966 2906 soedat.

183 2945 371 3010 Phaedimus
386 2947 509 3026 infelix,
525 2960 558 3011 et
574 2949 652 3012 aviti
668 2949 808 3013 nominis
823 2949 914 3012 beres

184 3049 356 3129 Tantalus,
372 3065 408 3114 nt
424 3053 633 3120 solitofinem
650 3055 828 3136 imposuere
845 3054 954 3132 labori,
995 3049 999 3058 ¹

183 3154 393 3219 Transierant
408 3156 450 3219 ad
465 3179 545 3240 opus
561 3160 671 3221 nitidae
684 3158 831 3238 iuvenile
848 3159 1023 3240 palaestrae;

184 3261 229 3323 Et
242 3259 309 3340 jam
326 3262 526 3326 contulerant
541 3275 627 3326 arcto
643 3264 798 3327 luctantia
813 3283 901 3326 nexu

181 3365 319 3429 Pectora
335 3367 534 3447 pectoribus:
559 3369 632 3431 crim
648 3379 738 3432 tento
752 3369 879 3430 concita
895 3386 1002 3445 nervo,

183 3471 280 3534 Sicut
295 3483 383 3534 erant
396 3471 512 3552 juncti,
529 3472 653 3552 trajecit
670 3486 840 3553 utrumque
857 3472 981 3553 sagitta.

181 3577 375 3656 Ingemuere
392 3577 499 3655 simul,
516 3578 611 3642 simul
628 3579 794 3640 incurvata
808 3575 916 3640 dolore

181 3680 332 3746 Membra
346 3683 414 3744 solo
430 3684 573 3766 posuere,
590 3683 686 3747 simul
702 3701 849 3766 suprema
860 3680 1006 3762 jacentes
