2646 4176
111 259 154 322 66
397 282 517 333 orme
539 251 860 334 unrauoarirosas.

111 435 306 499 Fraxineam
322 438 469 517 quatiens
483 450 589 502 aeratae
604 439 744 522 cuspidis
759 439 895 517 hastam,

112 541 206 619 ‘En,'
222 541 277 620 ait,
297 547 356 606 ‘en
372 543 486 607 adsum
501 555 664 626 praereptae
680 542 828 626 conjugis
841 543 937 616 ultor.
1018 546 1023 553 ’
1104 540 1145 606 10

110 645 176 709 Neo
194 647 276 710 mihi
292 658 324 710 te
341 667 455 730 pennae
471 668 529 712 nec
545 648 662 712 falsum
678 669 788 713 versus
804 649 838 711 in
853 651 967 711 aurum

109 749 243 834 Jupiter,
260 753 393 835 eripiet*
439 754 579 818 Conanti
595 756 721 818 mittere
738 755 897 836 Cepheus,
998 765 1002 769 ’

111 857 219 926 ‘Quid
235 855 355 921 iacisi'
371 857 549 922 exclamat:
575 866 664 941 ‘quae
681 871 723 940 te,
740 879 901 942 germane,
918 857 1079 922 furentem

109 961 203 1024 Mens
218 953 285 1044 agit
302 964 335 1044 in
349 962 498 1028 lacinus?
543 964 708 1028 Meritisne
725 966 795 1028 haec
812 967 915 1046 gratia
928 964 1027 1027 tantis

110 1065 278 1146 Redditur,
296 1069 355 1132 hac
372 1069 472 1132 vitam
487 1080 621 1132 servatae
637 1071 711 1132 dote
728 1069 899 1151 rependis?
1104 1066 1144 1129 15

110 1170 222 1238 Quam
239 1173 298 1235 tibi
314 1191 379 1235 non
395 1173 539 1253 Perseus,
556 1194 669 1238 verum
684 1176 713 1238 si
728 1175 852 1256 quaeris,
869 1172 1001 1252 ademit,

110 1275 176 1338 Sed
192 1296 289 1358 grave
305 1276 479 1340 Nereidum
496 1299 628 1358 numen,
646 1279 702 1342 sed
718 1279 863 1362 corniger
878 1280 1030 1358 Ammon,

110 1381 176 1444 Sed
192 1401 262 1462 quar
279 1383 454 1445 visceribus
470 1385 619 1446 veniebat
636 1385 743 1448 bellua
758 1385 849 1466 ponti

110 1486 335 1550 Exsaturanda
350 1489 440 1550 meis
487 1488 547 1550 Illo
564 1490 624 1553 tibi
640 1501 780 1572 tempore
795 1499 885 1572 rapta
899 1498 957 1568 est,

109 1590 187 1659 Quo
204 1592 427 1674 periturafnit.
474 1592 544 1658 Nisi
560 1595 597 1674 si,
614 1595 761 1674 crudeliS,
779 1595 812 1657 id
828 1595 933 1677 ipsum
1099 1593 1144 1658 2⁰

110 1696 234 1778 Exigis,
251 1709 287 1759 ut
304 1710 420 1780 pereat,
437 1699 588 1780 luctuque
604 1701 751 1763 levabere
766 1711 883 1763 nostro.

110 1801 243 1864 Scilicet
257 1803 345 1865 haud
361 1807 437 1868 satis
452 1817 511 1884 est,
529 1805 625 1886 qudd,
643 1816 673 1867 te
690 1816 865 1887 spectante,
882 1804 1026 1866 revincta
1041 1811 1098 1877 est,
1164 1783 1168 1790 ⁴

109 1907 153 1970 Et
169 1907 292 1969 nullam
309 1907 395 1988 qudd
411 1929 506 1992 opem
521 1923 652 1993 patruus
668 1928 843 1991 sponsusve
860 1907 979 1970 tulisti:

107 2013 255 2094 Insuper,
268 2033 287 2074 a
302 2032 464 2093 quoquam
479 2015 565 2096 qudd
582 2016 623 2078 sit
639 2025 771 2092 servata,
787 2012 922 2089 dolebis,

107 2117 306 2198 Praemiaque
322 2119 460 2201 eripies?
508 2120 594 2188 Quae
611 2120 636 2182 si
653 2120 712 2181 tibi
728 2137 845 2199 magna
860 2097 1020 2194 videntur,
1099 2113 1143 2178 25

109 2223 163 2286 Ex
179 2223 242 2286 illis
257 2225 407 2306 scopuliS,
425 2225 584 2288 abierant
600 2224 706 2303 affixa,
723 2222 864 2306 petisses.

107 2329 201 2392 Nunc
217 2329 295 2410 sine,
312 2330 368 2410 qui
384 2333 484 2413 petiit,
502 2351 556 2412 per
572 2349 667 2411 quem
683 2330 754 2392 haec
764 2337 835 2392 'non
852 2329 928 2391 orba
942 2337 1101 2407 senectus,

107 2433 215 2514 Ferre,
233 2435 319 2517 quod
334 2447 367 2498 et
382 2437 504 2499 meritis
519 2445 551 2498 et
568 2455 647 2500 voce
663 2445 711 2498 est
727 2447 859 2518 pactus3
883 2451 1021 2515 eumque

107 2540 180 2603 Non
197 2541 255 2602 tibi
271 2541 327 2603 sed
342 2554 438 2604 certae
455 2541 621 2624 praelatum
638 2541 781 2623 intellige
799 2540 914 2603 morti)

107 2644 166 2708 Ille
182 2645 263 2708 nihil
279 2647 400 2725 contra,
416 2647 471 2710 sed
487 2659 520 2710 et
535 2648 623 2710 hunc
639 2657 672 2709 et
687 2647 804 2709 Persea
817 2645 911 2708 vultu
1099 2641 1143 2703 30

106 2750 239 2813 Alterno
255 2763 411 2833 spectans,
430 2764 516 2833 petat
532 2754 620 2815 hunc
637 2753 761 2832 ignorat
777 2769 818 2812 an
834 2749 946 2827 illum;

106 2855 349 2936 Cunctatusque
366 2855 466 2934 brevi,
483 2867 664 2918 contortam
682 2855 801 2916 viribus
816 2854 952 2929 hastam,

106 2960 257 3028 Quantas
272 2959 318 3022 ira
333 2959 439 3038 dabat,
457 2960 669 3040 nequicquam
686 2957 720 3019 in
736 2955 851 3018 Persea
865 2938 971 3036 misit'3

106 3061 150 3128 Et
167 3065 256 3127 stetit
271 3063 327 3127 illa
342 3076 430 3128 toro:
454 3065 559 3126 stratis
575 3074 645 3126 tum
661 3061 798 3142 danique
815 3060 951 3125 Perseus

111 3169 260 3249 Exsiluit,
277 3169 404 3250 teloque
419 3167 510 3231 ferox
525 3167 657 3230 inimica
671 3166 802 3229 remisso
1099 3163 1142 3226 35

105 3275 239 3339 Pectora
253 3274 400 3358 rupisset,
416 3274 479 3337 nisi
495 3283 564 3356 post
579 3271 690 3335 altaria
706 3272 848 3336 Phineus

105 3383 207 3444 Isset:
231 3389 263 3442 et
280 3379 466 3463 (indignum
477 3379 503 3466 l)
518 3378 671 3442 scelerato
688 3376 806 3460 profuit
821 3397 883 3440 ara.
913 3379 917 3386 ’
1014 3419 1017 3426 1
1131 3419 1137 3426 -

106 3486 229 3550 Fronte
246 3495 355 3548 tamen
372 3485 485 3547 Rhoeti
500 3493 566 3548 non
582 3484 668 3548 irrita
682 3484 789 3567 cuspis
804 3483 948 3547 adhesit.
1039 3491 1044 3498 '

107 3591 178 3660 Qui
195 3602 362 3674 postquam
377 3590 505 3670 cecidit,
522 3589 703 3670 ferrumque
720 3609 762 3651 ex
778 3608 849 3652 osse
864 3586 1028 3652 revulsum
1038 3594 1102 3665 ast,

105 3695 269 3777 Calcitrat,
285 3706 318 3760 et
334 3696 454 3780 positas
469 3695 630 3782 adspergit
645 3693 801 3778 sanguine
818 3711 954 3757 mensae
1054 3705 1064 3711 ·
1098 3687 1143 3752 40
