2636 4178
27 223 33 250 ¹
138 228 203 292 111
410 251 541 326 omns
563 247 884 302 umauoarsosns.

137 406 245 468 Fortis
260 415 293 468 et
310 403 424 468 infelix
438 415 470 466 et
487 403 655 486 plusquam
671 401 793 466 femina
807 405 898 486 virgo
1107 403 1173 468 tto

137 511 275 573 Ducitur
291 509 331 572 ad
347 510 524 586 tumulum,
537 509 667 588 diroque
685 509 722 570 fit
738 509 843 571 hostia
858 511 962 572 busto.

137 617 225 684 Quae
241 612 363 677 memor
380 616 447 696 ipsa
461 615 521 692 sui,
539 627 703 695 postquam
720 613 904 680 crudelibus
918 615 980 677 aris

137 720 278 784 Admota
293 733 350 799 est,
368 721 528 798 sensitque
544 720 604 782 sibi
621 717 686 781 sera
701 739 790 780 sacra
806 721 914 800 parari,

54 819 56 824 ’
138 827 245 908 thue
262 825 510 906 Neoptolemum
526 836 665 886 stantem
681 822 862 904 ferrumque
879 835 1042 892 tenentem
1063 804 1065 814 ’

138 931 238 1010 Inque
255 950 313 992 suo
330 930 409 992 vidit
426 929 581 1010 figentem
597 929 719 991 lumina
734 928 848 1007 vultu3
1108 929 1176 994 455

140 1037 254 1098 ‘Utere
268 1033 459 1114 jamdudum
476 1053 630 1117 generoso
645 1034 822 1114 sanguine,'
840 1034 942 1097 dixit:

140 1140 255 1202 ‘Nulla
271 1151 430 1216 moreest,
447 1152 502 1201 out
518 1151 554 1201 tu
563 1137 682 1220 jugulo
699 1138 750 1200 vel
767 1151 894 1220 pectore
910 1139 1012 1202 telum

139 1245 250 1308 Goude
268 1264 339 1306 meo
352 1266 359 1306 :
372 1246 379 1277 ’
393 1243 608 1325 jugulumque
623 1243 720 1306 simul
737 1254 911 1332 pectusque
926 1245 1052 1308 retexit.

140 1349 294 1412 ‘Scilicet
310 1361 365 1411 aut
381 1350 437 1411 ulli
454 1349 570 1411 servire
588 1347 755 1430 Polyxena
771 1347 894 1428 serrem,

139 1456 205 1518 Aut
222 1475 276 1536 per
290 1455 353 1517 tale
370 1473 495 1516 sacrum
511 1473 632 1516 numen
648 1453 815 1536 placabitis
832 1454 944 1516 ullum.
1111 1454 1177 1520 460

140 1560 226 1622 Mors
242 1561 365 1622 tantirm
381 1561 498 1622 vellem
516 1571 647 1622 matrem
665 1578 737 1621 mea
753 1557 861 1621 fallere
879 1570 996 1641 posset,

140 1665 242 1728 Mater
258 1667 358 1744 obest,
375 1667 554 1745 minuitque
571 1666 660 1727 trecis
675 1665 756 1726 milri
772 1664 908 1746 gaudia3
932 1666 1079 1744 quamvis

139 1771 212 1833 Non
229 1791 301 1832 mea
318 1791 402 1832 mors
419 1771 475 1846 illi,
492 1773 599 1834 verum
616 1771 756 1834 suavita
772 1771 931 1850 gemenda
946 1781 1002 1832 est.

141 1877 206 1937 Vos
223 1874 327 1950 modo,
345 1865 385 1936 ne
404 1875 536 1956 Stygios
552 1875 664 1936 adeam
680 1895 746 1936 non
762 1874 862 1936 libera
877 1893 994 1952 manes,

141 1981 219 2042 Este
238 1980 355 2061 procul,
373 1980 400 2040 si
413 1979 501 2058 justa
516 1991 599 2060 peto,
618 1991 769 2066 tactuque
787 1980 894 2042 viriles
1108 1977 1175 2040 tos

141 2086 291 2165 virgineo
307 2096 469 2147 removete
486 2103 621 2146 manus:
645 2086 805 2166 acceptior
821 2085 878 2162 1111,

78 2169 80 2176 ’
141 2189 298 2268 Quisquis
314 2189 341 2250 is
357 2201 415 2268 est,
432 2209 527 2268 quern
545 2188 633 2250 caede
650 2190 723 2252 mei
738 2189 861 2271 placare
879 2189 1001 2271 paratis,

142 2293 238 2356 Liber
254 2294 313 2356 erit
329 2296 469 2374 sanguis.
518 2293 554 2355 Si
570 2313 650 2374 quos
667 2307 775 2356 tamen
792 2294 905 2356 ultima
920 2294 1020 2356 nostri

143 2399 246 2462 Verba
262 2410 393 2462 movent
409 2401 471 2460 oris
485 2421 492 2478 3
518 2400 634 2462 Priami
652 2419 710 2462 vos
727 2399 793 2486 filia
809 2401 901 2480 regis,

142 2505 235 2568 Nunc
251 2507 387 2587 captiva,
405 2491 492 2586 rogat
507 2527 514 2584 3
539 2505 686 2586 genitrici
702 2524 817 2586 corpus
835 2507 1013 2585 inemptum
1114 2499 1178 2566 470

142 2609 292 2688 Reddite,
310 2630 392 2672 neve
408 2631 485 2672 auro
502 2609 634 2672 redimat
648 2609 702 2688 jus
718 2611 805 2672 triste
822 2609 969 2690 sepulcri,

143 2715 210 2778 Sed
226 2716 393 2794 lacrymis;
419 2728 504 2792 tunc,
522 2717 594 2777 crim
612 2727 742 2796 poterat,
760 2715 936 2776 redimebat
952 2726 984 2775 et
1000 2713 1099 2774 auro!

187 2821 328 2881 Dixerat.
376 2823 418 2881 At
437 2821 572 2900 populus
588 2820 753 2900 lacrymas,
771 2839 849 2900 quas
865 2818 920 2880 illa
936 2818 1074 2894 tenebat,

143 2923 215 2985 uon
233 2935 328 2985 tenet.
377 2925 447 3004 Ipse
464 2926 560 2987 etiam
578 2925 658 2987 flens
675 2925 858 3004 invitusque
874 2922 1021 2986 sacerdos

146 3029 280 3091 Praeltita
295 3012 442 3108 conjecto
458 3031 540 3110 rupit
558 3030 730 3112 praecordia
747 3029 835 3092 serm.
1113 3023 1180 3087 475

144 3135 212 3212 Illa,
230 3147 453 3216 superterram
470 3135 596 3198 desecto
613 3136 732 3216 poplite
751 3135 872 3213 labens,

144 3241 278 3302 Pertulit
296 3240 468 3321 intrepidos
484 3241 524 3301 ad
540 3240 606 3302 fata
622 3240 798 3303 novissima
814 3240 952 3300 vultus·

146 3345 290 3407 Troades
308 3347 482 3427 excipiunt,
500 3346 741 3427 deploratosque
759 3353 924 3406 recensent

145 3450 328 3527 Priamidas,
346 3451 468 3530 etquid
486 3451 608 3514 dederit
625 3451 740 3512 domus
756 3469 820 3512 nna
835 3447 975 3525 cruoris;
1033 3467 1036 3476 ’

146 3557 260 3633 Teque
277 3567 422 3634 gemunt,
440 3557 540 3636 virgo,
558 3568 662 3636 teque,
680 3575 698 3616 0
716 3555 811 3616 modd
827 3555 915 3635 regia
930 3550 1061 3630 conjnx,
1116 3548 1183 3612 480

144 3658 250 3739 Regia
264 3641 351 3720 dicta
366 3679 487 3741 parens,
504 3661 589 3722 nsiae
606 3660 748 3722 florentis
764 3661 871 3740 imago
884 3680 891 3738 ;
