2646 4176
605 291 704 342 BOOK
725 291 775 342 111.

163 447 248 540 Mox
262 466 335 530 ego,
352 465 393 510 ne
408 446 550 530 scopulis
565 447 717 511 haerereur
734 469 859 532 semper
874 449 908 512 in
923 447 1036 530 isdem,

168 554 320 618 Addidici
334 553 480 635 regimen
495 552 609 616 dextra
624 553 809 618 moderante
824 555 941 618 carine
1052 597 1056 606 ·

170 658 328 739 Flectere,
346 669 378 722 et
395 659 519 724 Oleniae
535 659 624 722 sidus
639 659 778 742 pluviale
794 660 926 744 capellae

172 763 405 848 Tapgetenque
421 765 619 847 Hyadesque
635 765 737 828 oculis
752 769 935 847 Arctonque
951 766 1073 848 notavi,

172 869 411 951 Ventorumque
427 853 541 934 domos
556 881 589 934 et
605 881 714 954 portus
729 872 889 954 puppibus
903 883 1005 956 aptos.
1144 871 1207 938 180

212 975 313 1040 Forte
328 986 441 1058 petens
457 976 563 1040 Delon
579 977 670 1041 Chiae
687 977 811 1041 telluris
825 977 866 1041 ad
881 998 951 1042 oras

165 1082 329 1166 Applicor,
345 1092 379 1144 ct
393 1081 514 1146 dextris
529 1082 669 1146 adducor
684 1083 792 1146 littora
806 1085 911 1164 remis,

165 1187 283 1268 Doque
300 1187 389 1250 leves
404 1187 514 1268 saltus,
531 1188 666 1270 udaeque
683 1188 840 1252 immittor
854 1209 969 1254 arcnae.

129 1273 133 1282 ⁵
164 1293 241 1356 Nox
257 1293 313 1356 ubi
329 1304 520 1376 cousumpta
535 1305 583 1357 est
599 1293 737 1377 (Aurora
750 1295 918 1358 rubescere
935 1296 1073 1379 primrlm

167 1399 315 1481 Ooeperat
324 1401 349 1486 ;)
363 1418 511 1482 exsurgo,
528 1400 700 1480 laticesque
716 1399 832 1464 inferre
846 1412 991 1464 recentes
1144 1401 1207 1466 185

173 1503 349 1582 Admoneo,
365 1515 573 1586 monstroque
588 1506 686 1584 viem,
703 1525 775 1586 quae
791 1506 881 1568 ducit
897 1507 939 1568 ad
953 1506 1067 1569 undas.

176 1609 259 1690 lpse,
275 1610 345 1690 quid
361 1631 437 1674 aura
451 1611 535 1674 mihi
550 1612 677 1674 tumulo
693 1610 856 1693 promittat
872 1611 913 1672 ab
928 1609 1005 1689 alto,

175 1713 340 1796 Prospicio,
356 1716 554 1797 comitesque
570 1719 662 1795 uoco,
679 1727 852 1800 repetoque
867 1716 1017 1780 carinam.
1068 1775 1071 1782 .

172 1820 363 1884 “Adsumus
377 1841 419 1884 eu
430 1823 437 1885 !
450 1825 469 1858 '³
494 1822 598 1904 inquit
614 1822 774 1886 sociorum
790 1810 911 1906 primus
926 1822 1100 1906 Opheltes3

168 1923 276 2007 thue
294 1936 392 2009 putat,
403 1927 549 2010 praedam
564 1928 689 1992 deserto
704 1941 819 1994 nactus
834 1928 867 1992 in
883 1949 970 2012 agro,
1143 1928 1206 1994 190

166 2031 321 2114 Virginei
335 2053 469 2115 puerum
482 2033 574 2097 ducit
589 2053 645 2117 per
659 2029 766 2097 littora
781 2033 892 2098 sormi.

210 2137 281 2217 llle,
297 2158 387 2201 mero
402 2158 578 2220 somnoque
595 2140 710 2222 gravis,
728 2141 865 2203 titubare
881 2140 1017 2220 videtur,

167 2241 294 2323 Vixque
310 2243 409 2323 sequi.
458 2243 576 2326 Specto
592 2246 717 2308 cultum
732 2243 911 2326 faciemque
926 2246 1147 2328 gradumque:
1224 2253 1231 2266 ’

165 2349 219 2412 Nil
235 2349 293 2428 ibi,
309 2348 395 2428 quod
411 2347 497 2413 credi
513 2362 619 2434 posset
633 2351 776 2430 mortale,
792 2351 952 2414 videbam.

168 2454 211 2516 Et
227 2453 325 2533 sensi,
342 2465 374 2517 et
390 2454 458 2518 dixi
473 2456 577 2535 sociis,
597 2456 728 2524 “Quod
744 2475 866 2520 numen
882 2456 916 2518 in
932 2456 994 2518 isto
1028 2503 1035 2521 ,
1143 2455 1206 2518 195

166 2560 306 2642 Corpore
322 2561 373 2639 sit,
390 2560 523 2642 dubit03
547 2561 606 2624 sed
620 2581 749 2645 corpore
765 2579 888 2622 numen
904 2560 939 2623 in
954 2561 1015 2622 isto
1031 2571 1088 2623 est.
1200 2593 1202 2601 ,

166 2663 326 2746 Quisquis
341 2687 385 2745 es,
402 2686 421 2728 o
437 2665 555 2746 sareas,
572 2667 750 2747 nostrisque
766 2665 930 2728 laboribus
946 2664 1052 2745 adsis;

167 2771 231 2833 His
247 2789 373 2852 quoque
389 2772 446 2835 des
462 2772 590 2835 verrium
604 2774 611 2836 !
625 2774 642 2806 '’
691 2771 782 2836 “Pro
799 2771 892 2834 nobis
908 2772 1001 2835 mitte
1017 2767 1170 2854 preceri‚”

167 2874 285 2958 Dictys
300 2878 354 2956 ait,
371 2897 434 2958 quo
450 2897 516 2940 non
532 2879 614 2942 alius
629 2877 846 2942 conscendere
863 2897 1006 2941 summas

167 2979 264 3044 Ocior
274 2993 436 3046 antennas
451 3003 627 3066 prensoque
643 2984 778 3047 rudente
795 2983 903 3047 relabi.
1139 2983 1205 3048 200

167 3086 242 3150 Hoc
259 3087 372 3168 Libys,
389 3089 451 3152 boe
467 3089 582 3169 flavus,
598 3109 699 3172 prcrae
716 3089 831 3166 tutela,
844 3089 1040 3169 Melanthus

167 3193 242 3256 Hoc
258 3195 369 3277 probat
385 3195 588 3274 Alcimedon,
601 3205 645 3275 et,
660 3195 716 3276 qui
730 3195 936 3276 requiemque
954 3194 1151 3275 modumque

167 3300 255 3362 Voce
271 3299 368 3362 dabat
383 3300 490 3380 remis,
506 3301 686 3364 animorum
702 3301 845 3363 bortatur
861 3300 1013 3382 Epopeus
1026 3319 1034 3380 3

164 3403 241 3468 Hoc
257 3423 370 3468 ornnes
385 3404 449 3468 alii.
496 3405 616 3469 Praedae
633 3415 699 3468 tam
714 3425 802 3468 caeca
816 3405 933 3487 cupido
948 3414 1005 3467 eat.

166 3509 272 3572 “Non
288 3521 396 3573 tamen
413 3512 495 3574 hanc
511 3530 599 3574 sacro
611 3511 724 3574 violari
739 3510 878 3594 pondere
895 3511 1007 3593 pinum
1021 3561 1024 3568 r
1140 3509 1206 3573 200

164 3614 363 3699 Perpetiar,'’
377 3615 464 3680 dixi:
490 3623 590 3700 “pars
605 3615 662 3680 hic
678 3617 759 3679 mihi
776 3615 918 3678 maxima
929 3613 1043 3694 juris.'’

164 3721 522 3805 Inque'aditu'obsi'sto.
570 3722 663 3788 Furit
678 3721 913 3785 audaciaeirnus
929 3721 1027 3782 omni.
1109 3753 1111 3759 =
