2646 4176
609 276 710 331 BOOK
731 279 781 330 1v.
847 317 849 330 .

171 439 269 502 Hanc
286 454 349 517 ego
365 435 391 497 si
408 444 548 517 peterem
566 435 701 498 Perseus
715 435 797 498 Jove
813 446 918 513 natus,
933 443 967 496 et
982 430 1035 494 ilie
1098 473 1101 479 -

174 541 334 624 Gorgonis
350 542 552 622 anguicomae
569 541 703 604 Perseus
717 550 890 623 superator,
906 549 938 602 et
954 538 1014 600 alis

179 647 336 710 AEtherias
352 663 450 708 ausus
461 643 589 724 jactatis
605 645 648 708 ire
665 665 719 728 per
733 665 836 724 auras,

181 750 342 813 Praeierrcr
357 751 482 812 cunctis
497 750 582 812 certa
598 770 706 833 gener.
753 749 880 813 Addere
896 750 993 812 tantis

181 856 315 919 Dotibus
330 866 363 917 et
379 855 528 917 meritum
545 854 691 938 (faveant
707 853 803 918 modo
818 854 968 942 numina)
980 863 1079 918 tento.

180 961 223 1024 Ut
239 981 310 1023 mea
325 961 376 1038 sit,
393 973 518 1022 servata
534 960 606 1023 mea
620 961 749 1036 virtute,
767 961 929 1042 paciscor!

176 1067 353 1148 Accipiunt
369 1065 489 1146 legem,
502 1064 588 1146 (quis
604 1067 691 1128 enim
707 1065 867 1128 dubitaret
878 1067 906 1152 i)
921 1075 954 1127 et
970 1075 1071 1144 orant,

173 1172 435 1250 promittuntque
452 1170 547 1252 super
561 1190 696 1252 regnum
713 1170 818 1234 dotale
834 1182 990 1253 parentes.

220 1277 321 1353 Ecce,
337 1273 426 1337 velut
441 1276 533 1337 navis
549 1275 681 1358 praefixo
696 1277 825 1350 concita
838 1287 939 1338 rostro

176 1382 291 1444 Sulcat
306 1400 413 1460 aquas,
426 1377 586 1459 juvenum
601 1379 791 1443 sudantibus
806 1390 879 1442 acta
893 1379 1019 1442 lacertis

187 1485 243 1547 Sic
258 1484 331 1563 iera,
348 1485 477 1547 dimotis
493 1484 634 1567 impulsu
650 1485 786 1567 pectoris
801 1485 907 1570 undiS,

186 1589 331 1651 Tantum
344 1591 450 1652 aberat
465 1589 615 1671 scopulis,
632 1599 789 1669 quantum
807 1588 968 1650 Balearica
982 1598 1065 1651 torto

187 1693 302 1756 Funda
314 1705 415 1776 potest
430 1693 562 1777 plumbo
580 1693 678 1758 medii
694 1693 907 1757 transmittere
923 1692 1017 1772 coeli3

177 1800 263 1864 cnm
278 1799 385 1862 subito
396 1798 537 1879 juvenis,
557 1798 692 1881 pedibus
707 1797 820 1861 tellure
836 1797 971 1881 repulsi,

176 1905 308 1968 Arduus
324 1906 357 1966 iu
372 1905 479 1968 nubes
489 1904 577 1967 abiit.
625 1904 668 1968 Ut
685 1904 718 1966 in
734 1922 861 1990 aequore
878 1921 1006 1966 summo

177 2011 302 2074 Umbra
315 2011 377 2072 viri
391 2009 462 2072 visa
475 2021 533 2088 est,
551 2010 654 2072 visam
668 2008 736 2072 fera
750 2009 842 2071 saevit
858 2009 891 2072 in
908 2008 1066 2072 umbram.

178 2116 287 2196 thue
302 2115 394 2178 Jovis
410 2134 539 2197 praepes
556 2133 660 2177 vacuo
675 2114 751 2178 crim
767 2113 849 2178 vidit
866 2115 899 2178 in
914 2135 990 2178 arvo

179 2221 382 2286 Praebentem
397 2221 520 2284 Phoebo
536 2219 670 2282 liventia
684 2230 774 2301 terga
789 2219 972 2299 draconem,

178 2327 326 2407 Occupat
342 2345 498 2403 aversum,
515 2344 580 2386 neu
596 2343 683 2387 saeva
698 2335 877 2406 retorqueat
893 2344 958 2403 ora,

180 2430 401 2511 Squamigeris
416 2429 527 2492 avidos
542 2429 614 2511 figit
629 2430 808 2492 cervicibus
823 2448 970 2509 uugucs;

181 2535 238 2597 Sic
253 2535 350 2597 celeri
366 2537 480 2597 missus
496 2554 637 2616 praeceps
653 2533 818 2614 perinane
835 2532 944 2595 volatu

182 2640 293 2722 'Perga
306 2639 381 2702 serae
398 2639 519 2722 pressit,
536 2639 712 2718 dextroque
729 2637 894 2700 frementis
910 2638 943 2699 iu
958 2655 1049 2700 armo

182 2745 353 2807 Inachides
368 2743 487 2807 serrum
502 2763 601 2806 curvo
619 2753 715 2808 tenus
728 2742 854 2806 abdidit
869 2742 974 2804 hamo.

182 2849 322 2912 Vulnere
338 2849 414 2912 lasa
428 2849 519 2930 gravi
536 2847 636 2912 modii
648 2868 681 2911 se
697 2848 845 2912 sublimis
860 2848 892 2910 in
909 2866 1000 2909 auras

181 2955 320 3033 Attoltir,
338 2954 432 3016 modo
448 2954 557 3016 subdit
573 2953 675 3034 aquis,
692 2953 788 3017 modo
804 2973 890 3015 more
906 2950 1021 3014 ferocis

182 3061 294 3122 Versat
310 3060 386 3142 apri,
403 3077 500 3139 quem
516 3059 609 3120 turba
623 3077 740 3120 canum
756 3060 959 3120 circumsona
974 3067 1076 3120 terret.

181 3165 243 3229 liic
258 3165 370 3227 avidos
385 3183 509 3226 morsus
525 3162 691 3226 velocibus
706 3162 820 3244 effugit
836 3153 905 3240 alis,
1153 3160 1218 3224 360

183 3270 323 3350 Quaque
340 3280 460 3351 patent,
477 3286 563 3332 nunc
581 3278 670 3349 terga
685 3268 773 3330 cavis
788 3266 882 3349 super
899 3267 1002 3330 obsita
1016 3266 1159 3346 conchis,

173 3374 278 3442 Nunc
293 3375 430 3438 laterum
445 3385 559 3451 costas,
577 3393 663 3437 nunc
679 3374 743 3455 qua
758 3371 947 3436 tenuissima
960 3370 1064 3435 cauda

182 3479 313 3544 Desinit
328 3479 362 3542 in
378 3481 510 3561 piscem,
527 3477 643 3541 falcato
659 3479 805 3541 verberat
820 3496 906 3538 ense.

183 3583 300 3648 Bellua
315 3585 452 3666 puniceo
468 3583 588 3658 mixtos
603 3603 678 3646 curn
694 3583 850 3664 sanguine
866 3581 986 3644 fluctus

181 3690 249 3754 Oro
259 3690 376 3760 remit.
424 3687 578 3752 Madudre
595 3707 707 3770 graves
722 3687 909 3770 adspergine
925 3705 1060 3769 pennae5
1158 3683 1223 3748 365
