2646 4176
137 233 178 297 58
425 251 542 304 ovm’s
563 253 887 332 unruuomrrosus

138 406 205 469 Hic
221 407 318 470 modo
333 427 407 470 cum
424 407 555 490 gemini
570 409 640 470 risa
654 409 799 472 est‘mihi
814 408 900 490 prole
916 409 1038 491 leaena!

138 511 246 590 thue
261 510 346 590 ferae,
364 515 505 594 sequitur
521 513 658 595 vestigia
671 511 819 595 conjugis
834 533 955 593 amens,
1110 513 1172 577 195

138 605 250 695 Deque
267 617 340 680 sinu
356 619 465 681 matris
481 619 637 681 ridentem
653 629 685 680 et
701 638 797 699 parva
813 617 994 681 Learchum

138 722 273 784 Brachia
288 722 475 785 tendentem
490 723 579 805 rapit,
596 735 629 785 et
646 723 695 785 bis
711 733 819 804 terque
836 744 890 805 per
903 744 995 788 auras

138 825 228 890 More
243 837 325 888 rotat
340 825 461 906 fundae,
477 828 641 909 rigidoque
657 826 794 890 infantia
808 848 885 890 saxo

138 930 279 994 Discutit
295 952 350 994 ora
363 930 463 994 ferox.
512 934 601 995 Tum
617 932 755 1012 deniqne
767 935 899 996 concita
914 945 1024 1014 mater,

138 1035 223 1118 (Seu
238 1036 327 1098 dolor
343 1037 404 1099 hoc
419 1035 497 1099 fecit
512 1057 569 1100 seu
585 1039 684 1119 sparsi
698 1058 797 1100 causa
812 1039 944 1124 veneni)
1106 1038 1173 1103 200

139 1140 300 1218 Exnlulat,
318 1141 479 1222 passisque
495 1140 578 1224 fugit
593 1142 676 1204 male
692 1163 770 1206 sarra
784 1143 917 1225 capillis,

139 1246 254 1326 Teque
270 1244 374 1309 ferens
390 1266 522 1328 parrum
538 1247 643 1327 nudis,
661 1248 834 1327 Melicerta,
851 1248 975 1310 lacertis

140 1351 262 1430 ‘Eroti
279 1351 423 1414 Bacche!
437 1353 444 1386 ’
461 1363 562 1414 sonat.
610 1353 731 1414 Bacchi
747 1353 806 1414 sub
823 1353 953 1416 nomine
969 1355 1056 1417 Juuo

137 1455 233 1534 Risit,
250 1467 292 1536 et,
310 1457 400 1518 ‘Hos
415 1476 493 1518 usus
509 1457 732 1538 praestettibi,'
750 1457 842 1536 dixit,
861 1457 1047 1520 ‘alumnus’

183 1561 335 1624 Imminet
351 1562 532 1640 aequoribus
547 1563 719 1646 scopulus:
744 1583 814 1645 pars
830 1563 896 1626 ima
910 1575 1042 1627 cavatur
1107 1563 1175 1630 205

138 1665 320 1746 Fluctibus
337 1677 369 1728 ct
385 1679 487 1730 tectas
505 1665 649 1730 defendit
665 1668 705 1730 ab
722 1667 878 1730 imbribus
894 1667 1014 1730 undas:

139 1771 277 1834 Summa
291 1771 382 1853 riget,
399 1770 599 1852 frontemque
616 1773 649 1834 in
664 1782 809 1852 apertum
825 1772 956 1852 porrigit
971 1787 1088 1850 aequor.
1165 1803 1168 1812 ·

139 1874 283 1958 Occupat
297 1875 386 1937 hunc
402 1874 501 1958 (vires
516 1875 642 1937 insanie
657 1873 792 1959 fecerat)
808 1874 878 1952 Ino,

139 1979 247 2060 Seque
263 2000 356 2062 super
372 1991 516 2062 pontum,
533 1977 623 2040 nullo
639 1977 760 2040 tardata
775 1977 898 2054 timore,

137 2083 239 2148 Mittit
256 2102 400 2163 onusque
416 2102 521 2146 suum.
567 2083 722 2146 Percussa
737 2081 902 2146 recanduit
920 2081 1014 2144 unda.
1105 2081 1174 2146 210

182 2191 225 2252 At
242 2189 361 2266 Venus,
379 2187 546 2250 immeritas
558 2171 668 2269 neptis
683 2187 833 2250 miserata
846 2185 979 2266 labores,

140 2293 195 2357 Sic
211 2304 323 2376 patruo
339 2291 483 2355 blandita
497 2311 555 2354 suo
571 2303 640 2356 est:
666 2291 713 2354 ‘0
728 2310 851 2354 numen
865 2310 1029 2372 aquarum,
1096 2347 1099 2352 ,
1159 2326 1164 2356 r

138 2398 291 2462 Proxima
304 2398 359 2461 cui
373 2397 455 2461 coelo
471 2396 577 2476 cessit,
594 2395 755 2478 Neptune,
772 2406 920 2479 potestas,

139 2503 259 2587 Magna
274 2502 403 2586 quidem
421 2521 536 2586 posco;
560 2501 617 2566 sed
632 2512 667 2565 tu
684 2501 831 2567 miserere
847 2521 1003 2580 meorum,

138 2608 257 2673 Jsctari
273 2629 352 2690 quos
367 2608 470 2671 cernis
486 2607 520 2670 in
536 2608 628 2671 Ionio
645 2607 813 2687 immenso,
1108 2605 1175 2674 216

139 2713 183 2777 Et
200 2714 253 2777 dis
268 2713 349 2776 addo
366 2714 439 2776 tuis.
486 2712 604 2794 Aliqua
617 2723 650 2774 et
666 2712 748 2774 mihi
763 2712 863 2792 gratia
879 2721 978 2792 ponto
993 2721 1062 2790 est;
1157 2743 1160 2752 ·

140 2817 178 2881 Si
194 2829 303 2882 tamen
320 2819 354 2880 iu
369 2816 477 2880 medio
493 2815 657 2895 quondam
672 2825 822 2877 concreta
838 2813 996 2894 profundo

140 2921 265 3004 Spuma
279 2921 336 3000 fui,
354 2921 551 2999 Graiumque
567 2928 676 2981 manet
692 2917 773 2980 mihi
789 2937 908 2980 nomen
924 2918 963 2981 ab
980 2918 1056 2982 ills!

139 3027 264 3091 Annuit
281 3025 382 3088 oranti
398 3025 578 3106 Neptunus,
594 3033 627 3084 et
642 3020 775 3083 abstulit
791 3021 864 3100 illis,

140 3130 242 3199 Quod
257 3129 390 3193 mortale
405 3127 478 3206 fuir,
496 3123 760 3206 majestatemque
776 3125 949 3190 verendam
1108 3127 1175 3192 220

141 3221 308 3318 Imposuit,
324 3252 507 3313 nomenque
523 3231 619 3296 simul
634 3228 814 3312 faciemque
831 3232 974 3311 novavit,

141 3339 390 3419 Leucotheeque
406 3338 502 3400 deum
518 3355 595 3400 cum
611 3347 709 3414 matre
726 3335 912 3401 Palaemona
926 3337 1019 3402 dixit.
1070 3391 1110 3420 w
