2646 4176
115 249 158 309 54
401 265 519 318 ovrus
538 263 861 317 nurauoarrrosus.

113 423 254 504 Miscuit,
272 434 314 504 et,
331 423 447 506 gelidis
462 421 497 484 in
512 419 657 484 vultibus
672 421 782 484 oscula
796 421 910 502 figens,
1105 425 1149 492 70

115 529 293 610 ‘Pyrame,'
309 527 470 607 clamavit,
489 528 579 607 ‘quis
594 536 625 588 te
640 527 722 588 mihi
737 545 830 588 casus
844 526 987 592 ademit?

112 633 259 715 Pyrame,
275 634 440 716 responde.
488 631 564 694 Tua
579 641 610 694 te
626 631 790 692 carissima
802 631 927 694 Thisbe

112 736 286 802 Neminat:
309 738 437 817 exaudi,
454 736 626 816 vultusque
639 735 748 798 attolle
761 734 926 814 jacentes!

112 843 164 906 Ad
182 863 299 906 nornen
317 844 459 906 Thisbes
474 841 585 904 oculos
597 839 665 919 jam
681 821 782 903 morte
798 853 947 922 gravatos

112 947 271 1029 Pyramus
286 949 397 1027 erexit,
416 947 547 1027 visique
563 945 741 1008 recondidit
757 945 821 1008 illd.
1104 950 1148 1015 75

112 1053 200 1121 Quae
217 1065 384 1135 postquam
400 1063 586 1131 vestemque
603 1069 695 1112 suam
711 1051 873 1132 cognovit,
890 1061 922 1114 et
938 1071 1014 1116 ense

91 1153 93 1160 ’
112 1157 200 1220 Vidit
215 1159 294 1223 ebur
310 1177 460 1234 vacuum,
480 1158 576 1219 ‘Tua
592 1166 623 1217 te
640 1157 776 1244 manus'
794 1157 907 1236 inquit,
926 1163 1095 1242 ‘amorque

111 1261 263 1341 Perdidit,
281 1262 404 1325 infelix.
453 1263 514 1324 Est
530 1271 562 1322 at
578 1260 659 1323 mihi
674 1259 765 1322 sortis
780 1261 814 1322 in
831 1281 933 1325 unum

111 1367 184 1430 Hoc
201 1387 326 1446 manus,
343 1378 392 1430 est
408 1379 440 1430 et
456 1386 566 1445 amor3
591 1365 679 1428 dabit
696 1366 749 1427 hic
765 1365 799 1427 in
815 1365 950 1430 vulnera
957 1368 1056 1432 ¹vires

110 1471 283 1553 Persequar
298 1473 507 1550 exstinctum,
525 1471 644 1552 letique
659 1471 837 1534 miserrima
852 1471 940 1536 dicar
1102 1473 1145 1538 80

110 1578 216 1639 Causa
230 1597 402 1658 comesque
419 1578 488 1640 tui:
513 1577 632 1656 quique
648 1595 667 1637 a
682 1595 734 1638 me
751 1587 852 1639 morte
867 1576 979 1640 revelli

110 1681 187 1744 Heu
203 1682 271 1746 solit
286 1694 420 1764 poteras,
438 1681 557 1764 poteris
572 1701 632 1744 nec
648 1691 750 1743 morte
766 1681 887 1744 revelli.

109 1785 182 1848 Hoc
199 1798 307 1848 tamen
323 1787 491 1849 amborum
508 1788 613 1849 verbis
628 1797 730 1848 estote
746 1786 857 1866 rogati,

110 1890 138 1952 O
155 1891 291 1954 multum
308 1891 416 1954 miseri
432 1873 524 1954 rn'eus
540 1890 689 1969 illiusque
707 1901 861 1971 parantes,

109 1995 163 2073 Ut,
181 2015 260 2075 quos
276 2007 382 2058 certus
397 2015 495 2074 amor,
512 2014 593 2075 quos
609 1995 687 2056 hora
701 1993 877 2056 novissima
888 1991 1009 2073 junxit,
1100 1993 1145 2058 85

108 2101 268 2184 Componi
285 2101 411 2164 tumulo
428 2121 493 2163 non
511 2099 682 2162 invideatis
698 2097 822 2160 eodem.

108 2208 152 2270 At
168 2218 214 2285 tu,
231 2227 302 2288 quae
318 2207 423 2285 ramis,
440 2206 540 2284 erbor,
557 2203 738 2267 miserabile
755 2222 870 2285 corpus

108 2309 202 2376 Nunc
219 2313 301 2393 tegis
318 2314 422 2390 unius,
440 2331 517 2374 mox
532 2331 567 2372 es
582 2319 706 2372 tectura
720 2307 868 2386 duorum,

110 2418 212 2498 Signa
227 2428 301 2480 tene
316 2416 424 2494 caedis,
445 2415 611 2498 pullosque
627 2427 659 2477 et
676 2413 816 2478 luctibus
834 2425 925 2496 aptos

110 2523 244 2604 Semper
260 2522 341 2584 habe
357 2519 452 2600 setus,
470 2521 592 2603 gemini
607 2531 819 2584 monumenta
833 2518 974 2582 cruoris)
1103 2519 1145 2582 90
1214 2564 1224 2576 .

108 2627 212 2706 Dixit,
228 2637 260 2690 et
277 2637 385 2710 aptato
401 2638 514 2710 pectus
530 2647 682 2691 mucrone
704 2627 764 2689 sub
780 2626 884 2688 imum
998 2663 1008 2686 .

108 2728 262 2796 Incubuit
277 2731 368 2810 ferre,
385 2732 472 2810 quod
488 2731 595 2796 adhue
611 2751 631 2794 a
646 2731 734 2796 caede
751 2733 889 2812 tepebat.

152 2837 236 2900 Vota
250 2849 358 2900 tamen
374 2835 508 2916 tetigere
524 2835 612 2913 deos,
630 2835 762 2914 tetigere
779 2845 947 2914 parentes:

107 2940 190 3007 Nam
206 2941 294 3005 color
309 2941 343 3004 in
359 2958 456 3022 pomo
471 2950 530 3016 est,
546 2938 603 3000 ubi
619 2938 838 3020 permaturuit,
854 2947 943 2999 ater:

108 3045 271 3128 Quodque
287 3045 372 3128 rogis
388 3055 539 3128 superest,
556 3040 624 3106 nul
642 3040 812 3122 requiescit
827 3041 861 3104 in
877 3040 994 3198 urnius
1101 3041 1145 3105 95

994 3147 1002 3176 Ι

443 3319 498 3364 ruo
523 3319 587 3362 urso
611 3318 807 3360 usurarum.
1111 3289 1118 3305 '

558 3475 587 3516 u.
613 3452 688 3516 416.

108 3579 200 3644 Tum
215 3578 290 3643 verb
305 3577 381 3642 totis
398 3573 741 3642 Bacchimemorabile
758 3573 886 3637 Thebis

107 3682 234 3748 Numen
250 3693 326 3762 erat,
344 3700 539 3766 magnasque
554 3679 633 3743 novi
647 3687 817 3742 matertera
829 3675 914 3740 uires
