2636 4178
331 581 539 624 mactmus
564 581 719 624 cunnum>
742 581 819 623 turo
843 583 863 624 Δ
886 581 1030 624 ruowtn.

623 759 653 800 v.
683 738 753 802 162.

220 859 270 922 'Pe
284 858 421 940 quoque,
438 857 620 940 Amyclide,
637 860 797 941 posuisset
812 859 846 920 in
861 858 980 922 oethere
995 859 1147 938 Phoebun,

176 963 295 1028 Tristia
310 964 337 1028 si
353 963 492 1045 spatium
508 964 648 1046 ponendi
665 963 750 1025 Fata
763 963 936 1026 dedissent.

173 1070 251 1139 Qut
265 1070 350 1148 licet,
366 1080 504 1160 aeternus
519 1079 627 1132 tamen
643 1087 698 1149 es;
721 1069 909 1152 quotiesque
925 1069 1051 1151 repellit
1163 1070 1207 1133 80

170 1177 233 1240 Ver
248 1175 400 1253 hiemem,
417 1173 564 1254 Piscique
581 1174 672 1238 Aries
687 1173 830 1238 succedit
846 1193 976 1255 aquoso,

169 1281 227 1343 'I'n
244 1279 340 1343 toties
356 1278 460 1357 oreris,
477 1279 634 1360 viridique
651 1279 684 1342 in
699 1280 818 1360 cespite
834 1279 936 1342 flores.

217 1385 234 1447 J
237 1403 350 1465 amque
365 1383 430 1446 feri
445 1365 572 1446 medius
588 1384 689 1446 Titan
706 1385 864 1446 venientis
879 1395 911 1446 et
926 1395 1007 1448 actoe

176 1489 287 1551 Noctis
301 1499 373 1566 erat,
390 1488 555 1571 spatioque
572 1489 637 1571 pari
653 1489 791 1551 distabat
807 1488 965 1578 utrimque
978 1509 986 1568 3

179 1594 317 1674 Corpora
328 1606 414 1658 veste
429 1593 548 1672 levant,
565 1604 597 1657 et
609 1597 709 1656 'succo
726 1593 854 1675 pinguis
870 1593 964 1655 olivae
1164 1593 1208 1658 85

180 1697 419 1781 splendescunt,
435 1700 554 1782 latique
571 1700 684 1762 ineunt
700 1699 876 1761 certamina
890 1697 980 1761 disci.

175 1806 284 1872 Quem
300 1805 382 1887 prihs
396 1804 496 1868 adrias
511 1805 661 1867 libratum
678 1804 820 1866 Phoebus
835 1803 868 1866 in
884 1823 976 1867 auras

170 1910 271 1989 Misit,
290 1922 323 1973 et
338 1910 499 1994 oppositas
514 1907 641 1987 disjecit
657 1908 796 1991 pondere
813 1910 924 1972 nubes.

170 2015 302 2080 Recidit
318 2016 351 2078 in
367 2015 501 2078 solidam
517 2014 614 2097 longo
632 2013 703 2096 pbst
719 2025 861 2098 tempore
877 2026 991 2079 terram

172 2120 312 2199 Pondus,
328 2131 361 2183 et
376 2119 525 2183 exhibuit
536 2118 682 2199 junctam
698 2140 773 2184 curn
790 2120 910 2184 viribus
925 2132 1035 2184 artem.
1165 2117 1208 2184 90

172 2225 322 2302 Protinus
336 2225 530 2308 imprudens,
547 2237 701 2306 actusque
717 2225 869 2308 cupidine
885 2226 984 2305 lusus,

171 2313 303 2393 Tollere
321 2330 509 2396 Taenarides
525 2330 634 2393 orbem
653 2332 858 2412 properabam
882 2331 1023 2394 atilium

171 2435 261 2499 Dura
275 2454 494 2518 repercussum
510 2434 648 2514 subjecit
665 2436 697 2497 in
714 2437 789 2497 adra
802 2435 899 2498 tellus
991 2425 993 2430 ’

174 2541 211 2604 ln
225 2540 346 2619 vultus,
364 2542 561 2622 Hyacinthe,
579 2552 659 2604 tuos.
709 2539 876 2620 Expalluit
891 2539 982 2619 aequb

173 2645 284 2713 Quam
300 2665 386 2728 pner,
402 2647 468 2728 ipse
485 2646 573 2723 deus,
590 2645 809 2726 collapsosque
826 2643 948 2726 excipit
962 2653 1059 2721 artus,
1166 2644 1210 2708 96

139 2821 143 2830 ,
173 2751 216 2845 Et
232 2751 331 2820 modd
347 2762 378 2814 te
394 2750 527 2830 refovet,
543 2751 640 2815 modd
656 2749 759 2813 tristia
773 2748 907 2812 vulnera
921 2748 1030 2827 siccat,

171 2855 266 2918 Nunc
282 2856 424 2918 animam
440 2856 577 2920 admotis
592 2855 771 2939 fugientem
788 2854 925 2918 sustinet
940 2853 1056 2918 herbis.
1073 2837 1076 2841 ⁴

171 2958 224 3022 Nil
241 2974 372 3044 prosunt
389 2972 491 3040 artes;
514 2973 580 3025 erat
596 2960 833 3025 immedicabile
849 2959 977 3024 vulnus.

173 3067 226 3143 Ut,
243 3067 268 3128 si
285 3068 356 3146 quis
374 3066 475 3128 violas
489 3066 643 3148 riguoqqe
659 3086 816 3149 papavera
831 3067 864 3128 in
879 3065 972 3129 horto

174 3170 317 3251 Liliaqne
334 3171 487 3253 infringat
502 3169 600 3234 fulvis
616 3172 772 3234 haerentie
787 3171 895 3251 virgis,
1147 3169 1209 3233 100

170 3275 315 3339 Meroida
330 3276 501 3339 demittant
518 3276 623 3338 subito
639 3286 735 3358 caput
751 3275 807 3339 illa
822 3286 1000 3357 gravatum,
1225 3273 1229 3283 “

168 3381 238 3444 Nec
255 3401 289 3444 se
305 3382 494 3460 sustineant,
511 3393 719 3464 spectentque
736 3379 905 3443 cacumine
921 3391 1056 3443 terram:

169 3485 227 3548 Sic
243 3486 355 3550 vultus
370 3489 510 3550 moriens
521 3485 616 3568 jacet,
634 3498 666 3549 et
681 3485 808 3549 defecta
824 3485 932 3566 vigore

168 3592 245 3674 Ipsa
260 3592 321 3654 sibi
337 3605 385 3655 est
400 3594 488 3655 oneri
504 3593 623 3672 cervix,
639 3592 838 3670 humeroque
854 3591 1021 3654 recumbit.

487 3698 526 3761 10
569 3731 572 3742 ι
