2636 4178
327 589 440 632 «IULIUS
465 590 575 632 CAESAR
598 589 754 632 CHANGED
778 591 855 634 lrt'ro
879 592 900 634 A
923 592 1040 636 ΟΟΜΕΤ.

621 758 650 800 ν.
677 737 752 802 746.

212 861 316 923 Oaesar
331 859 365 922 in
381 858 468 922 Urbe
484 857 544 922 sud
560 856 641 921 deus
657 870 724 923 est:
748 879 845 940 quem
861 859 963 924 Marte
980 861 1118 944 togisque
1151 888 1158 898 ’

166 965 366 1046 Praecipuum
384 983 451 1026 non
466 963 558 1026 bella‘
564 963 671 1048 magis
687 964 781 1028 linita
795 965 966 1048 triumphis
1140 967 1207 1032 200

165 1069 293 1150 Resque
310 1069 399 1132 domi
416 1079 515 1152 gestae
532 1080 758 1152 properataque
774 1070 875 1154 gloria
890 1091 996 1136 rerum

161 1176 200 1239 ln
217 1175 307 1238 sidus
324 1175 445 1238 vertdre
462 1194 585 1237 novum
601 1175 790 1257 stellamque
807 1189 1000 1256 comantem,
1103 1199 1105 1203 ·

145 1282 275 1350 -Qusm
291 1300 349 1343 sna
365 1281 553 1362 progenies:
578 1299 682 1360 neque
698 1282 787 1344 enim
803 1281 843 1344 de
860 1282 996 1346 Oaesaris
1011 1284 1092 1346 actis

162 1386 276 1449 Ullum
292 1383 396 1464 majus
411 1405 502 1468 opus,
519 1369 617 1465 quern
633 1385 719 1466 qudd
735 1398 823 1468 pater
838 1388 963 1450 exstitit
979 1387 1086 1468 hujus.

167 1490 297 1552 Scilicet
313 1510 477 1570 aequoreos
493 1491 565 1572 plus
580 1500 629 1552 est
645 1490 807 1552 domuisse
824 1492 1005 1571 Britannos,
1056 1531 1059 1536 ·
1140 1493 1207 1556 205

168 1595 287 1674 Perque
304 1594 474 1677 papyriferi
490 1594 681 1677 septemflua
695 1594 833 1658 flumina
847 1594 914 1657 Nili

167 1699 317 1763 Victrices
332 1702 436 1782 egisse
453 1712 544 1779 rates,
561 1699 781 1780 Numidasque
797 1701 942 1780 rebelles,

164 1806 426 1888 Cinyphiumque
443 1806 561 1869 Jubem
578 1805 859 1885 Mithridateisque
876 1816 1057 1869 tumentem

160 1910 356 1974 Nominibus
373 1911 513 1973 Pontum
530 1911 648 1994 populo
665 1909 820 1991 adjecisse
838 1911 981 1990 Quirini,

162 2019 205 2080 Et
223 2016 343 2079 multos
360 2019 523 2096 meruisse,
539 2017 664 2098 aliquos
680 2018 784 2099 egisse
802 2017 992 2100 triumphos,
1024 2049 1025 2054 κ
1139 2016 1207 2082 210

164 2121 271 2190 Quem
290 2133 416 2185 tanturn
433 2123 583 2204 genuisse
599 2123 715 2202 virum,
734 2143 798 2203 quo
815 2123 948 2206 praeside
965 2143 1073 2190 rerum

161 2228 316 2290 Humano
333 2229 451 2309 generi,
468 2229 585 2310 superi,
602 2229 735 2292 sevistis
751 2229 890 2291 abunde.

159 2331 208 2396 Ne
225 2331 307 2394 soret
324 2334 376 2396 lrie
394 2334 492 2414 igitur
507 2333 633 2396 mortali
650 2335 772 2396 semine
789 2345 906 2413 cretus,

160 2439 220 2501 Ille
237 2438 317 2500 deus
332 2437 499 2500 faciendus
514 2450 590 2501 erat.
638 2438 738 2508 Quod
754 2450 790 2500 ut
806 2459 902 2501 aurea
917 2439 999 2502 vidit

160 2543 275 2607 AEneae
293 2544 443 2625 genitrix,
460 2543 542 2606 vidit
559 2543 686 2623 qudqne
702 2544 791 2605 triste
808 2545 909 2625 parari
1141 2541 1208 2608 215
1308 2591 1309 2594 ¹

160 2647 313 2712 Pontifici
328 2649 440 2728 letum,
457 2661 490 2712 et
505 2647 672 2728 conjurata
685 2667 774 2713 arma
789 2649 932 2727 moveri;

160 2754 291 2833 Palluit,
309 2766 342 2817 et
357 2756 493 2834 cunctis,
511 2765 545 2816 ut
562 2755 679 2834 cuique
695 2765 761 2815 erat
778 2752 995 2832 obvia‚.divis,

161 2859 342 2942 ‘Adspice'
359 2859 497 2939 dicebat,
516 2859 655 2940 ‘quanta
670 2859 752 2922 mihi
767 2859 852 2921 mole
869 2869 1026 2941 parentur·

161 2964 303 3044 Insidiae,
319 2966 500 3045 quantique
517 2975 613 3046 eaput
629 2985 705 3027 cum
723 2963 833 3027 fraude
852 2977 987 3048 petatur,

161 3069 262 3138 Quod
277 3071 318 3132 de
335 3069 498 3134 Dardanio
514 3070 619 3133 solum
635 3070 717 3133 milri
733 3081 830 3134 restat
846 3069 928 3132 Iulo.
979 3105 981 3109 ν
1141 3071 1208 3136 220

162 3174 282 3239 Solane
298 3195 424 3258 semper
440 3195 494 3238 ero
506 3173 605 3256 justis
620 3176 763 3239 exercita
778 3177 872 3255 euris,

160 3281 274 3350 Quam
289 3279 387 3344 modo
404 3279 546 3363 Tydidae
564 3279 745 3362 Calydonia
761 3282 915 3344 vulneret·
928 3281 1028 3358 hasta,

145 3385 355 3450 ¹Nuncmale
371 3385 511 3450 defense
527 3385 730 3450 confundant
746 3389 868 3450 menia
884 3384 1013 3469 Trojee3

159 3493 247 3562 Quae
266 3491 395 3554 videam
411 3502 523 3555 natum
539 3492 646 3574 longis
661 3492 820 3555 erroribus
835 3502 945 3554 actum
1141 3575 1144 3580 Ι

158 3595 344 3678 Jactarique
359 3596 451 3676 neto,
468 3596 623 3678 sedesque
642 3598 756 3660 intrare
773 3595 934 3674 silentium,
1140 3595 1208 3659 226

160 3701 317 3786 Bellaque
333 3721 409 3766 eum
427 3703 542 3768 'I'urno
558 3721 677 3792 gerere,
694 3711 760 3781 aut,
777 3701 804 3768 si
821 3720 898 3767 vere
912 3699 1061 3774 fatemur.
1115 3763 1117 3768 .
