2636 4178
99 231 144 296 84
388 251 506 303 ovnrs
528 228 850 304 imrauoaeaosas

99 407 139 500 Iu
155 407 288 490 patriam
304 417 393 490 rapta
406 417 474 470 est:
497 406 554 470 ubi
569 406 637 470 fixa
650 407 817 470 cacumine
834 407 955 470 montis

100 510 258 593 Liquitur,
274 523 307 575 et
322 511 481 595 lacrymas
496 512 682 576 etiamnunc
697 531 855 576 marmora
869 523 1012 576 manant.
1074 515 1136 579 165

397 787 525 829 PROGNE
549 785 613 828 ΔΜ)
637 786 835 830 aulaearum.

554 942 583 984 v.
609 922 682 984 620.

147 1042 198 1107 Ad
213 1055 348 1108 matrem
363 1042 514 1106 veniebat
531 1044 609 1125 ltys.
657 1041 875 1126 anteposuit,
892 1045 933 1106 ab
950 1043 1005 1108 illo

103 1147 278 1214 Admonita
292 1160 350 1228 est,
367 1149 531 1229 oculisque
548 1159 644 1212 tuens
659 1148 848 1227 immitibus,
868 1150 929 1212 ‘Ah
946 1150 1043 1230 quim

104 1254 151 1316 Es
165 1253 279 1316 similis
294 1254 393 1335 patri!
407 1257 414 1288 '
430 1251 514 1316 dixit
529 1274 536 1334 ;
560 1273 622 1317 nee
638 1253 729 1336 plura
742 1253 852 1315 locuta

105 1359 214 1421 'Prista
231 1370 317 1440 parat
332 1356 467 1437 facinus,
486 1359 646 1439 tacitique
661 1369 818 1421 exaestuat
834 1358 888 1422 iri„

150 1465 194 1527 Ut
209 1474 317 1526 tamen
333 1463 469 1527 accessit
485 1474 589 1543 natus,
608 1463 765 1544 matrique
782 1462 917 1528 salutem
1078 1465 1141 1528 170

105 1569 234 1648 Attulit,
251 1579 283 1630 et
301 1569 404 1650 parvis
420 1569 556 1633 adduxit
571 1568 655 1631 oolla
669 1568 805 1648 lacertiS,

104 1675 271 1755 Mixtaque
287 1674 451 1739 blanditiis
467 1674 642 1757 puerilibus
658 1675 769 1737 oscula
781 1671 910 1754 junxit3

104 1779 194 1842 Mota
208 1779 340 1859 quidem
356 1791 404 1843 est
420 1780 569 1861 genitrix,
586 1778 782 1859 infractaque
798 1780 941 1842 constitit
958 1779 1012 1858 ira,

106 1884 267 1964 Invitique
283 1884 371 1947 oculi
385 1885 536 1965 lacrymis
550 1883 700 1947 maduere
716 1885 855 1963 coactis;
939 1875 944 1883 ’

106 1987 171 2050 Sed
188 1988 284 2051 simul
300 2009 342 2052 ex
358 1988 459 2051 nimii
473 2000 609 2052 matrem
625 1988 742 2070 pietate
758 1988 863 2051 labare
1078 1988 1140 2051 175

107 2093 236 2172 Sensit3
260 2094 300 2156 ab
317 2094 379 2156 hoc
395 2094 511 2156 iterum
526 2104 575 2156 est
590 2092 631 2156 ad
646 2093 757 2156 vultus
773 2112 864 2156 versa
879 2096 1003 2172 sororia,

106 2199 207 2278 Inque
223 2199 330 2261 vicem
345 2208 493 2280 spectans
507 2199 629 2276 ambos,
648 2199 733 2262 ‘Gur
746 2197 921 2278 admovet,'
939 2199 1053 2280 inquit,

38 2309 39 2312 ’
108 2303 217 2366 ‘Alter
231 2302 414 2382 blanditias,
430 2303 519 2385 rapti
533 2303 605 2366 silet
621 2303 719 2366 altera
734 2303 867 2386 lingui?

106 2408 220 2482 Quam,
234 2419 329 2471 vocat
347 2408 399 2470 hic
415 2419 558 2487 matrem,
575 2429 633 2472 our
647 2427 713 2470 non
729 2418 823 2472 vocat
840 2407 894 2470 illa
909 2411 1069 2472 sororem?

106 2515 169 2578 Oui
183 2513 228 2586 sis
243 2523 352 2596 nupta,
369 2513 454 2592 vide,
472 2512 636 2577 Pandione
653 2524 738 2593 nata,
757 2514 881 2576 marito.
1080 2514 1142 2576 180

106 2619 309 2700 Degeneras3
334 2619 439 2682 scelus
454 2629 501 2682 est
518 2620 620 2701 pietas
636 2621 670 2683 in
686 2618 825 2701 conjuge
843 2619 971 2682 'Pereo’

106 2724 174 2786 Nec
190 2744 296 2803 mora3
321 2725 417 2786 traxit
434 2724 520 2804 ltyn,
537 2725 639 2787 veluti
654 2725 835 2806 Gangetica
849 2743 953 2787 cervae

106 2829 297 2892 Lactantem
311 2827 427 2890 foetum
443 2847 497 2910 per
512 2827 608 2890 silvas
623 2829 713 2908 tigris
728 2846 852 2910 opacas.

108 2935 214 3013 thue
230 2932 346 2997 domis
361 2933 436 2994 altae
453 2942 573 3013 partem
590 2933 720 2994 tenuere
736 2943 902 3011 remotam,

108 3039 378 3118 Tendentemque
393 3055 510 3098 manus
524 3046 556 3098 et
569 3033 637 3115 jam
653 3053 710 3098 sua
725 3033 790 3098 fata
805 3037 980 3117 videntem,
1083 3038 1145 3100 185

108 3143 152 3205 Et
171 3152 298 3222 ‘mater,
314 3143 438 3221 mater,’
456 3141 649 3204 clamantem
665 3152 697 3203 et
713 3140 795 3204 colla
811 3153 974 3224 petentem

109 3247 196 3309 Ense
213 3247 283 3309 ferit
301 3247 436 3329 Progne,
453 3247 545 3310 lateri
559 3248 623 3328 qui
637 3257 748 3328 pectus
762 3246 922 3330 adhaerat3

107 3353 176 3416 Nec
191 3351 319 3414 vultum
335 3353 440 3416 vertit.
489 3351 574 3416 Satis
591 3352 638 3415 illi
653 3352 694 3415 ad
709 3351 776 3414 fata
791 3352 842 3415 vel
861 3373 962 3416 unum

108 3455 241 3520 Vulnus
251 3469 316 3520 erat
330 3480 338 3538 3
358 3455 511 3540 jugulum
528 3457 609 3521 ferro
627 3457 806 3522 Philomela
821 3458 962 3522 resolvit.

111 3562 252 3644 Vivaque
269 3563 376 3626 adhuc
392 3564 574 3645 animaeque
590 3561 711 3644 aliquid
726 3564 898 3627 retinentia
913 3564 1057 3627 membra
1083 3563 1145 3628 100

109 3665 284 3731 Dilaniant.
333 3668 408 3730 Pars
424 3667 499 3730 inde
515 3669 605 3732 cavis
619 3669 761 3732 exsultat
776 3667 899 3747 ahenis,
