2636 4178
130 271 191 336 156
423 291 542 344 ovm’s
562 291 882 344 nnrnnonrnosna

126 445 228 525 Paret,
245 456 287 528 et,
304 445 338 513 in
354 456 469 512 terram
484 445 588 531 pictos
600 446 732 530 delapsa
746 468 807 534 per·
815 466 916 526 arcus,
966 530 969 534 ¹

126 552 301 616 Hersiliam
313 549 411 630 jussis
426 551 599 634 compellat
614 552 750 616 vocibus
766 553 834 616 Iris.
1098 553 1162 618 190
1228 560 1231 566 ’

126 655 187 720 Illa
200 655 383 720 verecundo
398 657 455 720 vix
469 657 586 721 tollens
600 655 725 721 lumina
739 657 844 733 vultu,

129 761 177 825 ‘O
191 761 262 840 dea,
279 759 434 844 (namque
450 760 541 841 mihi,
558 779 619 826 nec
635 781 708 843 quae
723 761 767 826 sis
782 761 887 824 dicero
904 772 1085 845 promptum
1100 773 1161 843 ost,

128 865 172 929 Et
188 866 289 947 liquet
303 885 372 929 esse
388 865 499 954 deam)
514 865 588 946 dac,
604 885 624 930 ο
641 866 726 944 duc‚'
743 866 857 956 inquit,
874 872 924 929 ‘at
939 866 1018 930 offer

126 969 284 1053 conjugis
299 990 354 1034 ora
368 970 468 1038 mihi:
491 990 565 1052 quaa
579 971 607 1034 si
622 970 720 1036 modo
734 989 826 1054 posse
841 969 949 1034 videro

128 1076 211 1139 Fata
226 1075 325 1138 semel
340 1074 496 1155 dederint,
513 1074 633 1140 ooelrrnr
648 1075 809 1158 accepisse
825 1073 969 1138 fatebor!
1099 1075 1162 1140 195

171 1181 238 1244 Nec
254 1195 352 1260 mora,
368 1179 546 1244 Romuleos
560 1197 636 1244 cum
651 1179 776 1261 virgine
793 1179 1023 1244 Thaumantea

128 1285 309 1366 Ingreditur
324 1283 441 1350 colles:
464 1284 521 1347 ubi
536 1284 625 1348 sidus
640 1284 680 1347 ab
696 1285 815 1354 cathare
831 1285 956 1366 lapsum
1018 1313 1025 1324 ·

128 1388 256 1452 Decidit
273 1389 306 1452 in
322 1399 428 1468 terrae,
444 1387 572 1468 acujus
586 1389 709 1454 lumina
724 1388 862 1472 flagrans

128 1493 276 1558 Hersiliae
292 1494 389 1558 crinis
404 1513 481 1560 curn
496 1492 598 1558 sidere
614 1494 710 1558 cessit
725 1493 759 1558 in
774 1513 875 1557 aurae

129 1600 224 1662 Hanc
240 1600 390 1666 menibus
404 1601 490 1664 notis
505 1600 665 1666 Romania
677 1598 826 1662 conditor
841 1597 929 1662 urbis
1098 1599 1166 1662 200

129 1703 274 1787 Excipit
286 1714 319 1768 et
335 1703 474 1789 priscum
490 1705 605 1788 pariter
619 1723 696 1769 cum
711 1721 841 1787 corpore
855 1722 975 1768 nomen

128 1807 243 1887 Mutat,
255 1805 565 1892 Horamque-vocem
581 1827 654 1891 qun
665 1827 753 1874 nunc
762 1807 823 1872 dea
830 1805 945 1887 juncte
953 1806 1161 1876 ttuinnoasr.

497 2121 793 2141 m-

434 2379 437 2384 ·
504 2359 655 2426 3001<
702 2359 793 2424 XV.

405 2591 587 2661 coemunt
612 2591 651 2634 01¹
675 2589 895 2633 enfiteosis.

592 2759 622 2800 v.
647 2738 699 2800 60.

130 2859 187 2926 Vir
200 2859 263 2924 fuit
279 2859 347 2937 hic,
362 2870 433 2922 ortu
450 2859 601 2940 Samius3
624 2856 822 2939 sed.sugerat
832 2857 904 2920 uni

132 2964 176 3026 Et
193 2964 314 3026 Samon
329 2974 362 3026 et
377 2963 536 3043 dominos,
552 2962 691 3046 odioque
707 2961 887 3044 tyrannidis
901 2960 996 3024 exsul

132 3069 254 3151 Sponte
270 3081 346 3132 erat.
393 3069 498 3150 Isque,
514 3069 590 3134 licit
606 3069 680 3133 coeli
695 3068 826 3151 regione
840 3076 991 3145 remotus,

131 3173 241 3237 Mente
257 3173 334 3237 deos
350 3171 438 3255 adiit,
454 3183 497 3254 et,
515 3193 586 3254 quae
602 3183 717 3238 natura
730 3173 869 3256 negabat

131 3278 260 3341 Visibus
275 3278 436 3358 humanis,
452 3279 554 3342 oculis
568 3294 608 3352 aa
622 3278 761 3361 pectoris
776 3277 893 3341 hausit.
1148 3272 1172 3335 ὃ

131 3381 276 3462 Oirnrquo
292 3383 401 3445 animo
416 3393 449 3448 et
463 3381 556 3465 vigili
571 3394 773 3467 perspexerat
789 3382 898 3447 omnia
912 3379 1009 3459 curi3

131 3487 170 3549 In
186 3485 331 3550 medium
346 3485 499 3550 discenda
513 3487 619 3567 dabat,
636 3499 802 3568 eretusque
818 3484 980 3564 silentirm,
1057 3545 1062 3556 .

131 3590 289 3670 Dictaque
305 3591 476 3655 mirantinr
491 3593 603 3674 magni
618 3591 789 3675 primordia
802 3589 918 3655 mundi

132 3695 176 3758 Et
192 3713 297 3758 rerum
312 3713 435 3774 causas,
450 3705 483 3759 et
498 3695 576 3776 quid
591 3707 714 3775 natura,
730 3695 877 3774 docebat,
