2636 4178
414 251 560 302 uersam
582 251 628 302 or
649 251 776 302 rreum
798 253 844 304 ro
865 252 987 304 rasori.
1157 233 1221 300 1⁷6

179 409 298 492 iungis
312 419 347 472 et
361 405 514 490 aeripedes
529 406 679 468 inadusto
695 427 824 488 corpore
840 418 957 488 tauros,
1012 459 1015 466 .

228 515 271 578 Et
287 513 423 578 solidam
436 509 527 591 jusso
543 531 672 574 vomere
690 511 788 574 lindis
802 513 939 576 humum
953 535 961 594 ς
993 536 1000 541 ·

182 623 268 685 Arva
282 617 451 681 venenatis
466 633 522 699 pro
538 599 661 678 semine
676 615 828 680 dentibus
844 617 968 700 imples,
1177 619 1221 684 96

225 724 382 801 Nascitur,
399 732 432 784 et
448 721 572 802 gladios
587 734 741 801 scutaque
757 721 850 784 miles
867 723 973 786 habet.

186 831 258 912 Ipsa
271 848 340 910 ego,
357 847 429 907 quae
445 825 595 890 dederam
610 825 835 906 medicamina,
852 827 970 909 pallida
985 827 1064 908 sedi,

228 934 308 997 Ciam
323 932 392 996 vidi
406 931 530 995 subitos
544 950 633 994 arma
647 942 755 994 tenere
771 932 876 1012 viros3

182 1038 294 1101 Donec
311 1038 478 1118 terrigenae
494 1035 635 1118 (facinus
650 1036 829 1100 miserabile
843 1039 869 1124 l)
884 1035 995 1102 fratres

226 1145 314 1206 Inter
329 1162 362 1205 se
378 1141 503 1205 strictas
518 1141 705 1205 conseruere
720 1157 843 1206 manus
1157 1143 1220 1208 100

116 1253 117 1258 ’
179 1247 322 1329 Pervigil
337 1267 412 1310 ecce
428 1247 534 1326 draco,
550 1247 691 1328 squamis
706 1247 936 1329 crepitantibus
951 1249 1092 1329 horrens,

227 1352 354 1432 Sibilat,
370 1362 402 1415 et
418 1363 501 1416 torto
517 1364 643 1435 pastore
659 1353 753 1416 verrit
768 1353 917 1416 humum.

182 1457 277 1522 Dotis
292 1479 369 1541 opes
384 1459 440 1526 ubi
455 1458 569 1522 aranti
593 1457 650 1520 ubi
665 1467 732 1520 erat
747 1457 807 1519 tibi
822 1458 910 1538 regia
923 1457 1055 1538 conjux,

231 1564 359 1644 Quique
376 1564 472 1629 maris
488 1563 611 1644 gemini
625 1561 758 1625 distinet
776 1562 916 1625 Isthmos
931 1564 1053 1643 aquas?

187 1667 247 1730 Illa
260 1688 330 1750 ego,
346 1688 420 1749 quae
436 1668 494 1731 tibi
510 1687 582 1730 sum
599 1687 686 1730 nunc
702 1665 840 1746 denique
857 1665 988 1730 barbara
1002 1665 1096 1746 sacta,
1154 1666 1218 1729 105

227 1766 320 1837 Nunc
339 1774 398 1836 tibi
412 1793 485 1837 sum
501 1792 628 1855 pauper,
645 1791 733 1834 nunc
750 1772 808 1834 tibi
824 1772 894 1834 visa
910 1791 1040 1852 nocens,

183 1877 352 1942 Flammea
366 1879 507 1941 subduxi
522 1877 681 1942 medicato
697 1877 971 1956 lumiua‘somno;

228 1984 272 2046 Et
289 1985 357 2062 tibi,
375 2003 446 2064 quae
463 2001 596 2066 raperes,
613 1982 731 2045 vellera
748 1992 816 2045 tuta
831 1981 915 2045 dedi.

182 2087 332 2152 Proditus
346 2100 395 2152 est
411 2090 554 2170 genitor3
578 2108 713 2170 ragnum
730 2088 925 2170 patriamque
941 2089 1074 2169 reliqui;

227 2195 348 2256 Munus
364 2193 397 2256 in
414 2193 527 2256 exsilio
544 2193 687 2274 quolibet
703 2213 772 2256 esse
789 2194 858 2255 tuli.
1156 2193 1219 2256 110

182 2301 226 2363 At
242 2320 308 2362 non
324 2308 355 2361 te
371 2297 499 2380 fugiens
514 2299 583 2362 sina
599 2318 662 2376 me,
679 2317 840 2379 germane,
855 2299 989 2379 reliqui:

228 2405 346 2468 Deficit
364 2405 507 2468 hoouno
531 2405 625 2468 litera
645 2415 752 2466 nostra
767 2403 848 2466 loco.

183 2510 285 2577 Quod
301 2508 404 2572 lacere
420 2529 499 2571 ausa
513 2528 587 2571 mea
601 2519 661 2585 est,
679 2527 743 2570 non
758 2508 854 2569 audet
870 2507 1005 2570 scribere
1022 2518 1143 2571 cextra.

229 2615 284 2677 Sic
300 2634 371 2696 ego,
388 2614 444 2677 sed
459 2625 579 2688 tecum,
596 2611 798 2674 dilaceranda
813 2610 869 2674 sui.

182 2719 250 2783 Nec
268 2731 375 2782 tamen
390 2719 527 2782 extimui
543 2717 634 2800 (quid
650 2717 738 2780 eninr
755 2727 825 2800 post
841 2716 897 2778 illa
912 2717 1058 2780 timerem
1070 2717 1100 2804 i)
1156 2717 1219 2782 116

227 2824 362 2888 Credere
379 2845 431 2887 me
449 2822 561 2906 pelago
577 2821 733 2900 semina,
720 2841 850 2903 Jamque
867 2841 996 2884 nocens.

182 2929 311 2993 Numen
328 2930 383 2992 ubi
400 2929 471 2991 est?
495 2929 550 2991 ubi
566 2927 622 2992 dii
646 2929 776 2990 meritas
792 2928 986 2992 subeamus
978 2947 1012 2990 m
1027 2927 1103 3008 alto,

219 3035 284 3114 'Tu
300 3032 419 3097 fraudis
435 3053 554 3116 poenas,
570 3031 767 3096 credulitatis
782 3051 853 3113 ego.

183 3139 390 3222 Compressos
406 3140 530 3202 utinam
547 3137 783 3221 Symplegades
798 3138 968 3216 elisissent,

227 3245 404 3324 Nostraque
420 3243 618 3308 adhaererent
634 3244 760 3308 ossibus
775 3264 846 3307 ossa
861 3244 945 3323 tuis;
1157 3241 1220 3306 120

183 3351 249 3414 Aut
266 3369 325 3413 nos
342 3348 453 3430 Scylla
467 3369 564 3432 rapax
579 3349 714 3412 canibus
729 3349 867 3414 misisset
883 3347 1034 3427 edendos,

228 3454 366 3537 (Debuit
382 3454 514 3538 ingratis
525 3444 643 3538 Scylla
658 3475 774 3518 nocere
788 3453 880 3542 viris)

183 3561 335 3641 Quaeque
351 3561 460 3631 vomit,
470 3561 588 3626 fluctus
604 3561 749 3640 totidem,
765 3560 963 3642 totidemque
979 3558 1131 3632 resorbet.

227 3666 295 3730 Nos
308 3667 435 3758 qubque
453 3667 629 3734 Trinacriae
644 3667 862 3752 supposuisset
877 3665 988 3748 aquoel
