2636 4178
577 269 679 322 eoox
698 269 761 320 vn
1143 245 1188 312 87

144 427 267 491 Forma
281 443 413 488 movere
430 426 557 506 potest?
580 425 666 490 certe
681 445 755 489 mea
770 435 899 508 pectora
913 425 1025 490 movit
1142 423 1187 488 25

148 535 191 597 At
205 531 268 595 nisi
285 549 383 612 opem
399 530 511 610 tulero,
527 540 691 594 taurorum
706 530 867 594 afflabitur
882 530 968 613 igne,

152 640 388 715 Concurretque
405 655 472 698 sure
488 635 599 716 segeti,
617 635 728 699 tellure
744 636 859 699 creatis

155 741 309 804 Hostibus
323 761 330 820 ς
355 751 412 802 aut
428 738 523 802 avido
539 740 668 805 dabitur
682 741 750 805 fera
764 740 872 824 praeda
887 739 1026 803 draconi.

156 846 228 909 Hoc
243 866 302 927 ego
318 847 346 907 si
362 845 472 927 patiar,
489 856 559 909 tum
576 867 628 910 me
645 846 685 910 de
702 845 816 928 tigride
832 857 951 925 natam,

154 951 244 1014 'Purn
258 949 377 1013 serrum
394 961 426 1013 et
441 951 590 1032 scopulos
606 952 729 1034 gestare
745 951 779 1014 in
794 952 890 1014 eorde
905 950 1038 1014 fatebor.
1145 948 1188 1011 30

150 1058 239 1139 Ergo
254 1076 316 1137 ego
332 1074 517 1136 germanam
532 1055 723 1137 fratremque
740 1065 926 1140 patremque
941 1054 1081 1136 deosque

147 1163 192 1226 Et
209 1161 318 1224 natale
334 1161 449 1239 solum,
466 1162 572 1225 ventis
587 1162 702 1241 ablata,
719 1163 919 1243 relinquam?

146 1269 275 1348 Nempe
292 1278 380 1348 pater
395 1285 510 1347 saevus,
527 1286 642 1348 nempe
659 1279 707 1330 est
723 1288 796 1331 mea
810 1269 942 1330 barbara
956 1267 1062 1348 reflua,

150 1371 266 1434 Frater
281 1371 386 1433 adhue
403 1370 518 1450 infans,
535 1383 620 1434 stant
636 1393 765 1436 meeum
780 1383 858 1436 vota
871 1375 994 1436 sororia.

154 1476 218 1540 Per
232 1475 312 1539 frete
324 1476 422 1558 longa
434 1474 526 1540 ferar.
571 1477 661 1540 Nihil
677 1477 770 1540 illum
785 1478 935 1560 amplexa
949 1477 1082 1556 timebo,
1146 1473 1189 1535 35

160 1584 240 1661 Aut,
256 1582 284 1643 si
298 1582 368 1661 quid
382 1593 538 1662 metuam,
554 1593 697 1648 metuam
713 1581 754 1644 de
769 1579 908 1664 conjuge
923 1582 1002 1644 solo.

465 1847 533 1890 THE
557 1847 678 1891 mons
702 1848 741 1890 ΟΕ
764 1848 870 1891 JASON.

195 2005 329 2068 Postera
343 2003 507 2085 depulerat
522 2004 630 2068 stellas
645 2006 767 2069 Aurora
783 2004 937 2069 micantes
951 2026 959 2086 ς

153 2111 364 2174 Conveniunt
380 2109 489 2192 populi
506 2130 630 2174 sacrum
646 2111 800 2174 Mavortis
816 2112 849 2175 in
865 2131 989 2192 arvum,

154 2216 407 2295 consistuntque
420 2211 530 2296 jugis;
554 2215 660 2279 medio
676 2237 733 2279 rex
750 2216 816 2298 ipse
833 2215 967 2280 resedit

151 2321 294 2404 Agmine
310 2340 495 2403 purpureus,
512 2332 700 2403 sceptroque
718 2307 854 2404 insignis
870 2322 1001 2384 eburno.
1092 2305 1093 2314 ἵ
1148 2317 1191 2380 tu

154 2453 159 2459 ·
198 2426 297 2504 Ecce,
313 2424 511 2488 adamanteis
527 2425 707 2489 Vulcanum
724 2427 853 2488 naribus
869 2425 979 2488 efflant

152 2529 323 2612 AEripedes
338 2530 430 2610 tauri,
448 2542 604 2611 taetaeque
623 2531 793 2612 vaporibus
809 2530 915 2593 herbae

150 2635 297 2715 Ardent3
321 2647 419 2716 utque
435 2637 539 2699 soient
557 2636 643 2719 pleni
658 2654 804 2698 resonare
820 2632 951 2712 camini,

151 2742 221 2806 Aut
237 2740 294 2803 ubi
309 2742 432 2804 terrena
447 2742 552 2804 silices
568 2741 696 2804 fornace
713 2739 809 2802 soluti

152 2846 351 2928 Concipiunt
368 2848 476 2928 ignem
492 2847 683 2926 liquidarum
699 2845 888 2928 adspergine
905 2861 1081 2925 aquarum
1150 2841 1194 2904 45

151 2951 288 3014 Pectora
302 2953 347 3014 sic
364 2953 450 3015 intus
465 2951 589 3014 clauses
604 2951 768 3014 volventia
782 2951 928 3014 flammas

157 3057 362 3137 Gutturaque
380 3068 451 3120 usta
466 3069 590 3120 sonent.
639 3057 768 3120 Tamen
785 3056 847 3118 illis
862 3056 983 3120 AEsone
999 3065 1095 3118 natus

155 3161 281 3226 Obvius
297 3161 331 3224 it.
380 3161 507 3225 Vertere
524 3173 629 3225 truces
645 3162 804 3226 venientis
819 3161 861 3224 ad
875 3180 930 3222 ora
954 3193 956 3198 v

155 3266 459 3350 Terribilesuvultus
475 3267 668 3350 praefixaque
684 3286 805 3329 cornua
819 3265 912 3342 ferro,

150 3373 414 3452 Pulvereumque
430 3372 536 3436 solum
553 3373 632 3454 pede
650 3373 815 3455 pulsavere
831 3369 965 3449 bisulco,
1153 3369 1195 3432 50

150 3477 393 3557 Fumificisque
409 3477 519 3541 loeum
534 3479 713 3560 mugitibus
729 3477 912 3558 implevere.

148 3583 326 3666 Diriguere
344 3595 431 3647 metu
448 3583 570 3664 Minyae
587 3583 715 3661 subito;
740 3581 793 3644 ille
809 3599 870 3642 nec
886 3580 978 3662 ignes

152 3689 268 3753 Sentit
284 3689 461 3769 anhelatos,
480 3689 623 3771 (tanturn
639 3687 855 3751 medicamina
870 3689 1018 3770 possunt)
