2646 4176
108 247 152 314 48
396 272 515 324 ovrus
537 271 860 324 uerrucaraosxs.

109 425 159 490 De
175 445 310 491 numero
326 425 484 510 Lycabas,
501 429 557 509 qui
573 429 685 492 Tusca
700 429 811 511 pulsus
825 431 866 494 ab
884 431 968 494 urbe,
1029 432 1031 436 ’

110 531 272 595 Exsilium
288 531 357 596 dira
371 551 500 615 poenem
516 552 571 617 pro
586 533 676 596 coede
691 534 809 598 luebat.

109 637 141 700 Is
156 639 247 717 mihi,
265 637 343 701 dum
359 649 453 716 resto,
467 636 606 717 juvenili
621 649 752 721 guttura
766 659 888 722 pugno·
1080 643 1147 706 210

109 732 231 826 Rupit;
254 755 287 807 et
302 763 475 807 excussum
490 743 630 807 misisset
646 743 680 807 in
696 764 834 826 raquora,
851 745 959 810 sinon

3 899 4 902 η
109 849 297 929 Haesissem,
313 850 461 931 quamvis
476 869 598 928 amens,
615 851 649 912 in
665 849 742 912 fune
755 860 908 914 retentus.

154 955 258 1037 Impia
273 956 367 1018 turba
382 956 492 1038 probat
508 953 640 1018 lectiam.
688 954 779 1018 Tum
795 956 933 1038 denique
950 957 1107 1038 Bacchus,

3 1083 4 1142 j
110 1058 273 1140 (Bacchus
289 1060 377 1124 enim
391 1059 511 1147 fuerat)
527 1059 630 1124 veluti
644 1060 782 1124 elamore
799 1063 923 1125 solutus
994 1072 997 1074 ’

3 1159 5 1192 ²
110 1165 162 1227 Sit
177 1185 279 1247 sopor,
296 1184 377 1245 aque
393 1185 482 1228 mero
497 1165 629 1229 redeant
645 1165 678 1229 iu
688 1176 823 1248 pectora
837 1173 959 1246 seusus,
1079 1169 1146 1232 215

111 1277 129 1308 “
140 1270 233 1339 Quid
249 1269 375 1333 facitis?
399 1272 471 1351 quis
486 1269 607 1334 clamor
618 1273 630 1332 l
642 1273 661 1305 ‘²
678 1271 722 1334 ait
736 1292 744 1350 3
771 1279 789 1310 ‘⁴
799 1273 872 1352 qut,
888 1273 997 1352 dicite,
1012 1284 1130 1352 nautoe,

110 1375 187 1438 Huc
204 1396 263 1459 ope
279 1376 436 1458 perveni?
459 1377 523 1458 quo
538 1395 591 1439 me
606 1375 728 1440 deferre
745 1378 913 1460 paretis?”

110 1489 129 1520 ⁴‘
140 1480 228 1545 Pone
245 1483 401 1562 rnetum,’'
418 1501 556 1566 proteus,
575 1489 595 1520 “
605 1494 648 1560 et,
664 1501 744 1562 quos
760 1485 947 1565 contingere
964 1495 1082 1566 portus,

111 1585 193 1666 Ede,
209 1588 323 1668 velis,''
340 1588 442 1669 dixit,
468 1594 487 1628 “
499 1587 580 1670 terrfs
594 1587 704 1654 sistere
721 1589 854 1672 petitb.’'
931 1585 945 1608 '¹

111 1700 130 1732 ‘¹
140 1695 288 1774 Naxon,''
304 1696 349 1757 ait
366 1695 473 1772 Liber,
493 1701 633 1757 “cursus
648 1693 804 1758 advertite
820 1705 964 1758 vestros:
1082 1697 1147 1758 220

109 1797 170 1862 Illa
185 1799 267 1862 mihi
282 1799 398 1863 domm
413 1809 480 1878 est;
505 1799 598 1861 vobis
613 1801 673 1861 erit
689 1797 816 1880 hospita
831 1797 959 1860 tellus.”

110 1903 170 1966 Per
186 1924 271 1968 mare
287 1903 417 1966 fallaces
432 1922 549 1985 perque
566 1903 676 1966 omnia
690 1901 827 1964 numina
838 1900 946 1980 jurant

110 2009 166 2072 Sic
181 2007 258 2085 fore,
275 2027 390 2088 meque
403 2005 519 2086 jubent
535 2007 630 2090 pictas
648 2006 722 2069 dare
739 2005 812 2068 vela
826 2005 952 2068 carinae.

109 2113 231 2192 Dextri
246 2113 355 2176 Naxos
370 2122 456 2174 erat:
480 2110 594 2174 dextra
611 2111 692 2174 mihi
708 2111 809 2174 lintea
822 2110 923 2190 danti,
1080 2109 1147 2174 224

111 2219 232 2288 “Quid
244 2216 529 2296 facis,odemens?
545 2216 618 2298 quis
630 2228 660 2278 te
673 2215 776 2280 liuor.
789 2215 817 2277 .?
830 2218 848 2251 ''
865 2201 969 2297 inquit
981 2216 1145 2300 Opheltes,

111 2331 129 2362 “
140 2324 201 2386 Pro
217 2344 250 2386 se
266 2323 399 2404 quisque
415 2323 509 2386 timet
522 2343 529 2402 3
553 2322 670 2386 laevam
686 2331 760 2405 pete
773 2322 780 2385 !
795 2324 814 2357 '’
861 2321 1006 2385 Maxima
1021 2332 1103 2386 nutu

108 2430 185 2493 Pars
200 2429 282 2493 mihi
296 2427 467 2510 siguificat,
484 2447 565 2511 pars,
582 2427 659 2510 quid
674 2427 764 2507 velit,
780 2447 855 2490 aure
871 2437 1019 2491 susurrat.

109 2534 279 2617 Obstupui,
298 2541 316 2572 “
328 2535 503 2617 capiatque
519 2533 634 2613 aliquis
650 2531 902 2611 moderamina,”
918 2532 1007 2596 dixi:

109 2639 225 2721 Meque
242 2640 420 2703 ministerio
435 2639 625 2720 scelerisque
641 2638 781 2718 artisque
798 2637 930 2700 removi.

108 2747 257 2828 Increpor
271 2766 291 2807 a
306 2744 443 2823 eunctis,
460 2754 629 2824 totumque
646 2743 868 2806 immurmurat
884 2761 1024 2822 agman3
1081 2739 1147 2803 230

109 2851 139 2914 E
154 2851 271 2930 quibus
286 2849 464 2928 AEthalion,
491 2855 509 2887 “
524 2840 577 2911 'Pe
593 2847 716 2910 seilicet
732 2846 838 2908 omnis
854 2847 888 2907 in
903 2864 969 2908 uno

108 2955 223 3018 Nostra
239 2955 324 3019 salus
340 2953 443 3036 posita
458 2965 506 3016 est
521 2955 528 3015 !
541 2954 560 2988 '³
576 2952 632 3029 ait,
648 2963 680 3013 et
695 2951 783 3013 subit
799 2949 875 3032 ipse,
894 2969 1065 3032 metimque

110 3062 230 3143 Explet
246 3079 337 3143 opus,
354 3059 512 3138 Naxoque
527 3058 606 3140 petit
622 3055 751 3119 diversa
764 3055 885 3118 relicta.

154 3167 244 3229 Tum
260 3166 340 3228 deus
356 3162 504 3242 illudens,
521 3173 674 3243 tauquam
689 3160 788 3225 modo
803 3160 942 3240 denique
959 3159 1103 3224 fraudem
1123 3149 1127 3154 ’

111 3272 264 3348 Senserit,
281 3291 298 3334 e
315 3269 414 3352 puppi
430 3281 567 3352 pontum
583 3275 762 3350 prospectat
778 3265 915 3346 adunca,
971 3275 975 3284 ‘
1081 3265 1149 3328 235

111 3379 154 3442 Et
170 3378 263 3442 flenti
279 3375 403 3454 similis,
423 3381 441 3414 “
452 3374 526 3437 Nou
541 3373 612 3436 haeo
629 3372 712 3436 mihi
726 3372 843 3451 littora,
860 3383 977 3450 nautae,

110 3481 338 3561 Promisistis,”
354 3482 418 3544 ait:
445 3487 464 3520 ‘⁴
475 3499 540 3542 non
555 3479 627 3542 haeo
641 3479 725 3542 mihi
741 3479 824 3542 tersa
838 3487 948 3559 rogata
962 3487 1020 3538 est.
1089 3493 1093 3500 ’

110 3590 190 3658 Quo
206 3589 309 3652 merui
325 3606 453 3670 poenarn
469 3583 553 3650 laeto
567 3586 579 3648 l
594 3567 677 3666 ‘quaa
692 3583 792 3666 glorie
807 3593 913 3648 vestra
925 3595 985 3662 est,

112 3695 149 3758 Si
164 3714 299 3779 puerum
311 3691 460 3774 juvenes,
475 3693 503 3756 si
517 3689 740 3756 multi-sallitis
756 3707 858 3752 uuum
871 3688 883 3748 l
896 3689 915 3725 ’²
