2636 4178
128 248 190 320 100
423 271 540 324 ovrns
561 273 882 326 uurauoaeuosus.

124 425 273 506 Dantque
289 425 396 490 locum
413 429 533 490 mensis
547 427 677 510 paulum
687 429 826 494 seducta
840 431 1000 496 secundis.

124 531 188 594 Hic
204 551 282 610 nux,
299 531 351 594 hic
367 533 472 594 mixta
486 544 535 595 est
550 535 674 615 rugosis
688 536 792 597 carica
807 536 931 618 palmis,

125 635 303 716 Pronaque,
320 648 353 698 et
368 636 403 700 iu
419 637 535 720 patulis
549 638 728 702 redolentia
742 640 828 703 mala
841 642 996 722 canistris,

125 741 167 803 Et
185 740 225 802 de
243 741 406 822 purpureis
421 741 565 806 collecta·
582 744 703 807 vitibus
719 764 801 810 uvae.

124 845 289 908 Candidus
306 847 339 908 in
356 846 463 910 medio
478 845 571 910 favus
587 858 644 911 est.
695 848 798 932 Super
814 851 923 914 omnia
937 851 1047 916 vultus
1076 867 1083 882 ·
1097 851 1158 916 135

124 951 294 1013 Accessere
311 951 396 1029 boni,
414 969 474 1014 nec
490 953 574 1015 iners
590 973 770 1036 pauperque
787 955 945 1019 voluntas.

168 1056 302 1134 Interea,
320 1056 414 1118 toties
430 1057 581 1120 haustum
595 1037 716 1121 crateri
731 1059 843 1141 repleri

126 1159 332 1241 Sponte‘suit,
349 1179 403 1241 per
418 1180 514 1240 seque
532 1161 643 1226 vident
655 1166 855 1228 'succrescere
873 1166 957 1228 vine.

123 1265 263 1328 Attoniti
278 1265 421 1328 novitate
438 1278 565 1348 pavent,
583 1269 795 1349 manibusque
812 1270 936 1352 supinis

123 1370 318 1452 Concipiunt
334 1370 514 1452 Baucisque
530 1391 639 1453 preces
654 1373 848 1453 timidusque
865 1375 1045 1454 Philemon,
1095 1373 1158 1438 140

123 1475 167 1537 Et
184 1476 311 1538 veniam
327 1474 463 1558 dapibus
478 1475 637 1556 nullisque
654 1478 813 1560 paratibus
828 1491 928 1542 orant.

167 1580 289 1644 Unicus
303 1599 395 1644 anser
410 1592 485 1660 erat,
503 1581 645 1645 minima
661 1583 807 1646 custodia
822 1583 918 1663 villae,

123 1682 235 1752 Quem
251 1683 301 1747 dis
317 1685 497 1767 hospitibus
512 1686 636 1750 domini
653 1699 789 1751 mactare
806 1689 978 1770 parabant:

123 1790 180 1852 Ille
197 1789 281 1852 celer
298 1791 403 1872 penui
419 1791 525 1854 tardos
540 1802 635 1854 aetate
651 1790 773 1874 fatigat,

125 1893 300 1973 Elnditque
318 1894 385 1972 diu,
403 1894 597 1974 tandemque
614 1908 661 1958 est
678 1897 765 1959 visus
781 1896 821 1958 ad
839 1897 922 1979 ipsos
1092 1895 1154 1958 145

123 1997 316 2079 Confugisse
331 1998 417 2061 deos.
467 1999 580 2079 Superi
597 2001 727 2062 vetuere
743 2003 859 2079 necari,

124 2103 247 2182 ‘Dique
264 2122 384 2180 sumus,
402 2103 592 2184 meritasque
608 2105 676 2167 luet
692 2105 810 2167 vicinia
827 2125 936 2188 paenas

123 2207 246 2289 Impia‚'
263 2207 412 2270 dixerunt
426 2228 434 2287 ;
460 2209 570 2270 ‘vobis
586 2209 785 2272 immunibus
801 2209 897 2289 hujus

124 2311 204 2373 Esse
221 2311 296 2373 mali
312 2310 448 2391 dabitur,
464 2312 561 2376 modi)
577 2324 682 2391 vestra
697 2313 866 2395 relinquite
884 2326 978 2396 tecta,

122 2416 170 2479 Ac
187 2428 312 2479 nostros
326 2418 477 2480 comitate
493 2417 618 2500 gradus,
634 2429 667 2481 et
684 2418 717 2482 in
733 2419 831 2482 ardua
844 2421 965 2484 montis
1094 2421 1157 2484 150

76 2594 79 2600 ,
123 2522 172 2583 Ite
188 2509 305 2584 simul)
351 2522 477 2600 Parent,
492 2534 534 2602 et,
552 2523 601 2586 dis
616 2524 845 2607 praeeuntibus,
862 2527 959 2589 ambo

122 2625 277 2689 Nituntur
292 2627 389 2708 longo
407 2629 541 2709 vestigia
556 2649 673 2711 ponere
690 2629 786 2692 clivo.

169 2732 313 2794 Tantum
330 2731 460 2794 aberant
476 2753 613 2812 summo,
631 2745 787 2812 quantum
802 2733 900 2797 semel
918 2734 961 2796 ire
978 2735 1096 2816 sagitta

122 2834 222 2897 Missa
238 2847 359 2917 potest:
383 2835 500 2898 flexere
517 2837 636 2916 oculos,
653 2848 685 2899 et
702 2857 804 2899 mersa
819 2836 934 2920 palude

123 2941 238 3001 Cetera
254 2940 458 3020 prospiciunt,
475 2940 599 3004 tantum
615 2960 673 3002 sua
688 2952 774 3003 tecta
789 2961 925 3005 manere.
1094 2941 1156 3003 155

123 3043 275 3122 Dumque
292 3062 330 3104 ea
346 3042 509 3121 mirantur,
527 3043 605 3106 dum
620 3044 741 3107 deflent
757 3044 823 3108 sata
838 3066 979 3128 suorum,

124 3149 184 3211 Illa
200 3159 301 3223 vetus,
319 3146 459 3210 dominis
475 3149 571 3210 etiarn
587 3169 662 3211 cusa
677 3169 774 3232 parva
788 3149 923 3230 duobus,

124 3253 264 3315 Vertitur
280 3254 311 3313 in
330 3253 505 3334 templum:
530 3251 635 3316 furcas
650 3255 775 3318 subiere
791 3255 962 3334 columnae,

125 3358 286 3420 Stramiua
302 3357 488 3436 flavescunt,
505 3370 677 3439 aurataque
694 3371 779 3422 tecta
795 3359 953 3440 videntur,

123 3462 316 3541 Caelataeque
334 3462 424 3540 sores,
442 3465 653 3545 adopertaque
670 3484 824 3528 marmore
841 3465 956 3529 tellus'
1095 3464 1158 3528 160

124 3567 221 3629 Talia
236 3580 305 3629 tum
320 3567 446 3649 placido
465 3568 635 3631 Saturnius
650 3569 751 3632 edidit
767 3590 838 3633 ore:

125 3671 261 3749 ‘Dicite,
274 3671 361 3750 juste
378 3691 488 3747 senex,
504 3684 537 3736 et
553 3671 674 3738 femina
689 3673 827 3756 conjuge
840 3673 928 3753 justo
