2636 4178
112 233 175 300 122
408 256 525 308 ovro‘s
546 255 867 310 neranoaraosas.

110 413 203 476 ‘Hoc
219 423 295 493 erat,
312 413 385 490 hoc,
401 411 510 476 animo
525 411 612 492 quod
627 410 792 476 divinante
808 413 973 497 timebam,

109 515 164 596 Et,
181 538 231 596 ne,
249 538 300 582 me
316 517 454 600 fugiens,
470 527 585 580 ventos
600 534 774 598 sequerere,
790 520 951 600 rogabam.

109 624 152 684 At
167 623 252 686 eertb
268 623 396 700 vellem,
413 622 564 702 quoniam
580 621 738 703 periturus
753 623 873 703 abibas,

109 725 163 790 Me
180 728 306 808 quoque
322 727 478 791 duxisses.
526 726 615 803 Fuit,
631 727 692 789 ah!
716 724 778 789 suit
793 727 883 807 utile,
900 739 1010 796 tecum

109 833 159 895 Ire
175 833 275 912 mihi3
301 852 405 913 neque
420 831 509 894 enim
524 830 564 893 de
580 831 658 894 vitae
673 842 816 913 tempore
831 833 1004 915 quicquam
1079 839 1146 904 335

108 935 181 1000 Non
198 936 293 1000 simul
309 937 457 1018 egissem,
474 955 533 999 nec
549 955 635 1000 mors
650 936 785 999 discreta
798 936 922 1002 suisset.

108 1043 202 1104 Nunc
218 1043 333 1104 absens
349 1043 436 1124 perii,
449 1039 553 1121 jactor
568 1040 693 1120 qubque
709 1040 862 1105 fluctibus
877 1041 1002 1126 absens,

110 1146 153 1208 Et
170 1146 238 1210 sine
256 1166 374 1210 meme
392 1157 509 1228 pontus
523 1145 629 1207 habet.
675 1145 842 1209 Crudelior
858 1146 926 1229 ipso

82 1235 84 1238 ⁵
110 1251 160 1314 Sit
177 1251 256 1313 mihi
274 1269 365 1313 mens
382 1250 504 1332 pelage,
521 1250 548 1312 si
563 1249 665 1312 vitam
681 1248 796 1312 ducere
812 1251 895 1315 nitar

109 1357 262 1438 Lougiirs,
278 1366 311 1418 et
327 1365 416 1418 tanto
432 1374 574 1437 pugnem
591 1374 753 1437 superesse
770 1353 879 1418 dolori.
1080 1360 1146 1426 340
1177 1394 1183 1404 ·

111 1462 178 1526 Sed
193 1481 296 1541 neque
315 1460 474 1544 pugnabo,
491 1480 551 1523 nec
568 1470 609 1538 te,
627 1458 813 1538 miserande,
830 1461 1018 1543 relinquam,

110 1567 154 1628 Et
170 1566 230 1631 tibi
246 1586 333 1629 nunc
349 1566 465 1629 saltem
482 1565 610 1629 veniam
626 1583 744 1644 comes,
761 1565 857 1646 inque
874 1567 1029 1649 sepulcro,

112 1673 230 1734 Sinon
246 1691 335 1750 urna,
353 1681 461 1734 tamen
474 1667 591 1752 junget
608 1689 666 1734 uos
682 1670 791 1748 litera;
815 1670 924 1735 sinon

109 1778 243 1840 Ossibus
258 1791 330 1840 ossa
345 1777 434 1854 meis,
450 1786 483 1838 at
498 1794 617 1838 nomen
633 1774 764 1838 nomine
781 1777 931 1858 tangam.¹

110 1881 207 1945 Plura
221 1882 311 1946 dolor
327 1881 484 1964 prohibet,
501 1880 662 1959 verboque
678 1879 851 1943 intervenit
866 1883 955 1946 omni
1080 1882 1147 1945 345

109 1987 257 2069 Plangor‚
273 1997 307 2049 et
322 1987 459 2049 attonito
475 1985 615 2067 gemitus
630 2004 650 2046 a
664 1984 759 2048 corde
775 1985 954 2052 trahuntur.

273 2248 359 2292 cm
382 2249 448 2292 Arm
472 2247 618 2290 ALCYONE
643 2247 798 2290 CHANGED
820 2248 862 2290 ΤΟ
885 2249 991 2292 stans.

156 2404 252 2469 Mane
268 2415 353 2469 erat:
378 2404 540 2487 egreditur
555 2403 649 2468 tectis
664 2403 705 2467 ad
721 2404 806 2484 litus,
823 2416 856 2468 et
873 2405 966 2469 illum

111 2509 224 2574 Masta
240 2511 348 2574 locum
363 2509 485 2592 repetit,
502 2509 542 2573 de
559 2530 622 2591 quo
638 2511 794 2593 spectarat
809 2523 950 2574 euntem.

111 2615 262 2698 Dumque
278 2626 418 2679 moratur
434 2615 489 2696 ibi,
505 2615 657 2695 dumque,
676 2615 781 2678 ‘Hinc
797 2615 971 2678 retinacula
986 2615 1103 2694 solvit;

112 2722 184 2785 Hoc
201 2721 283 2783 mihi
299 2719 468 2784 discedens
484 2719 573 2784 dedit
589 2719 699 2782 oscula
713 2719 827 2798 litore,'
843 2719 933 2799 dicit,
1083 2719 1151 2783 350

111 2826 262 2906 Dumque
279 2836 389 2887 notata
404 2825 506 2887 oculis
521 2823 736 2886 reminiscitur
751 2834 832 2902 acta,
848 2823 1030 2904 fretumque

111 2930 289 3012 Prospicit3
315 2930 348 2990 in
364 2928 496 3008 liquida,
514 2929 615 3010 spatio
631 2929 780 3008 distante,
798 2939 905 2993 tuetur

111 3033 228 3098 Nescio
245 3032 322 3114 qnid
337 3033 428 3112 qnasi
443 3053 559 3116 corpus
573 3034 676 3114 aqub3
701 3034 876 3116 primbque,
893 3032 970 3114 quid
987 3032 1067 3096 illud

112 3141 216 3218 Esset,
234 3150 299 3201 erat
315 3137 461 3201 dubium.
508 3138 682 3220 Postquam
698 3138 830 3221 paulum
846 3138 968 3220 appulit
986 3137 1081 3217 unda,
1126 3211 1128 3216 .

112 3245 166 3323 Et,
183 3245 330 3326 quamvis
345 3244 463 3322 aberat,
479 3263 594 3326 eorpus
609 3255 717 3308 tamen
733 3263 802 3306 esse
818 3242 980 3325 liquebat;
1084 3241 1152 3304 355

111 3351 198 3419 Quis
214 3350 304 3428 soret,
321 3348 481 3430 ignorans,
497 3349 573 3430 q'uia
588 3348 770 3430 naufragus,
787 3349 895 3411 omine
912 3359 1002 3411 mota
1016 3358 1077 3428 est,

112 3456 166 3534 Et,
180 3466 331 3534 tanquam
348 3455 461 3535 ignoto
472 3453 648 3536 lacrymam
664 3453 762 3533 daret,
781 3454 887 3531 ‘Heu,
900 3455 1017 3531 miser,'
1035 3453 1150 3535 inquit,

113 3561 291 3639 ‘Quisquis
306 3579 350 3636 es,
364 3570 396 3621 et
412 3559 439 3620 si
454 3569 578 3639 quaest
590 3556 710 3638 conjux
723 3559 783 3620 tibi
795 3561 801 3621 !
814 3561 822 3592 '
855 3556 1028 3622 Fluctibus
1040 3570 1151 3623 actum

113 3667 168 3730 Fit
184 3662 313 3748 propiils
328 3682 461 3746 corpus3
485 3664 573 3744 quod
588 3682 650 3745 quo
666 3662 768 3746 magis
784 3663 839 3726 illa
854 3674 971 3744 tuetur,
