2646 4176
614 226 712 278 BOOK
734 227 782 278 tv.

170 383 288 450 Narrat
304 382 427 462 ubique
443 381 505 460 dei,
521 381 562 444 de
579 393 689 462 totque
704 383 865 445 sororibus
880 401 994 465 expers

174 489 251 552 Una
265 487 385 550 doloris
400 497 478 565 erat,
496 488 558 550 nisi
573 507 671 568 quem
686 487 790 552 secere
806 508 936 550 sorores.

224 593 366 674 Adspicit
383 593 472 654 hanc
484 593 567 655 natis
584 594 789 673 thalamoque
806 595 1011 656 Athamantis
1025 593 1201 656 habentem

184 696 343 759 Sublimes
358 698 485 760 animos
500 709 533 760 et
548 698 672 762 alumni
687 701 820 762 numine
836 700 855 762 J
858 719 933 776 uno,
1151 696 1212 760 101

181 801 246 864 Nec
262 803 345 880 tulit,
362 813 394 864 et
410 823 542 866 secum:
569 803 697 868 ‘Potuit
713 805 760 872 de,
769 805 883 886 pellice
900 814 995 866 natus

181 907 307 972 Vertere
324 909 482 970 Maonios
498 909 675 990 pelagoque
691 909 880 992 immergere
897 920 1021 988 nantas,

175 1013 221 1076 Et
239 1013 407 1076 laceranda
420 1033 488 1076 suae
504 1015 572 1076 nati
587 1014 661 1076 dare
676 1016 800 1078 viscera
813 1016 918 1094 matri,

172 1119 218 1182 Et
235 1118 379 1200 triplices
395 1119 515 1200 operire
526 1119 625 1200 ¹novis
640 1120 824 1202 Minyeidas
838 1121 916 1184 alis:
1151 1119 1214 1182 105

171 1224 227 1288 Nil
246 1225 363 1305 poterit
378 1225 463 1290 Juno
479 1224 543 1288 nisi
559 1225 679 1288 inultos
694 1226 769 1289 flere
784 1226 932 1314 dolores?
1189 1204 1196 1224 ’

175 1329 282 1409 ldque
298 1329 380 1390 mihi
394 1329 472 1392 satis
487 1331 558 1393 est?
604 1331 687 1394 Haec
702 1351 768 1394 una
783 1333 927 1413 potentia
943 1341 1051 1392 nostra
1065 1329 1136 1392 est?
1209 1355 1212 1362 ¹

180 1434 256 1514 lpse
271 1433 362 1496 docet
377 1433 456 1514 quid
471 1455 575 1516 agam,
593 1434 657 1517 (fas
672 1447 720 1498 est
736 1446 768 1501 et
784 1437 824 1500 ab
840 1437 933 1498 hoste
949 1434 1073 1520 doceri)
1141 1481 1144 1488 -

185 1537 337 1618 Quidque
351 1539 438 1603 furor
453 1541 568 1616 valeat,
585 1541 732 1604 Penthei
745 1540 834 1602 caede
851 1540 992 1619 satisque

184 1644 235 1705 Ac
252 1644 340 1725 super
353 1645 501 1708 ostendit.
549 1647 615 1710 Cur
630 1664 696 1707 non
711 1645 904 1722 stimuletur,
922 1655 1036 1724 eatque
1152 1642 1214 1706 110

180 1747 245 1810 Per
258 1761 393 1830 cognata
408 1750 475 1813 suis
490 1751 640 1833 exempla
654 1750 815 1814 furoribus
831 1751 891 1812 Ino
902 1751 914 1812 1
926 1752 934 1783 ²

192 1863 201 1870 '
222 1853 283 1916 Est
300 1855 354 1917 via
368 1855 502 1918 declivis
517 1855 646 1920 funesti
661 1839 773 1918 nubila
789 1868 874 1934 taxo,

172 1959 277 2022 Ducit
293 1958 335 2021 ed
350 1959 490 2022 infernas
506 1981 561 2043 per
577 1974 667 2026 muta
682 1962 809 2024 silentia
826 1961 936 2040 sedes3

112 2071 115 2077 '
177 2065 265 2146 Styx
281 2065 416 2128 nebulas
431 2067 561 2129 exhalat
577 2067 671 2146 iners,
688 2068 874 2146 umbraeque
894 2077 1037 2129 recentes

176 2170 388 2233 Descendunt
405 2172 478 2234 illac
494 2171 726 2252 simulacraque
742 2171 855 2235 funeta
870 2173 1031 2254 sepulcris.
1152 2169 1214 2231 115

175 2275 284 2338 Pallor
300 2275 478 2356 Hiemsque
495 2287 606 2340 tenent
622 2277 686 2341 late
702 2278 773 2340 loca
788 2290 897 2356 senta;
922 2277 1072 2357 novique,

175 2380 258 2448 Qut
273 2381 314 2443 sit
330 2381 399 2459 iter,
415 2401 534 2462 manes,
553 2383 704 2464 Stygiam
720 2383 806 2462 quod
822 2383 917 2445 ducat
934 2382 975 2444 ad
992 2365 1114 2461 urbem,

176 2487 342 2568 Ignorant,
359 2486 471 2548 ubisit
486 2489 569 2568 nigri
584 2487 651 2551 sera
666 2489 753 2568 regia
769 2489 862 2549 Ditis.

175 2590 269 2653 Mille
285 2611 387 2673 capax
402 2592 507 2656 aditus
522 2604 554 2655 et
570 2603 693 2674 apertas
709 2590 851 2671 undique
869 2604 972 2672 portas

178 2697 263 2759 Urbs
280 2696 397 2775 habet,
422 2708 519 2778 utque
536 2696 653 2762 fretum
669 2696 709 2759 de
727 2697 797 2760 tota
809 2695 943 2760 flumina
959 2695 1050 2774 10111,
1153 2695 1214 2759 120

177 2801 235 2864 Sic
253 2820 365 2864 omnes
380 2803 503 2865 animas
518 2803 609 2866 locus
625 2803 741 2886 accipit
758 2803 822 2882 ille,
839 2822 899 2864 nec
916 2802 974 2864 ulli

177 2905 331 2987 Exiguus
346 2908 463 2990 popnlo
478 2918 537 2986 est,
554 2909 721 2972 turbamve
737 2908 888 2972 accedere
905 2908 1011 2970 sentit.

177 3011 296 3073 Errant
311 3011 491 3094 exsangues
507 3013 575 3076 sine
590 3033 720 3096 corpore
737 3026 769 3076 et
786 3014 911 3076 ossibus
926 3014 1058 3091 umbrae,

177 3115 318 3196 Parsque
335 3115 439 3180 forum
455 3117 627 3197 celebrant,
645 3139 715 3201 pars
731 3119 788 3182 imi
805 3130 890 3181 tecta
905 3119 1044 3201 tyranni,

136 3223 142 3230 '
176 3220 255 3284 Pars
270 3221 455 3302 aliasartcS,
472 3225 613 3305 antiquae
630 3224 910 3287 imitaminaritae.
1153 3223 1215 3287 125

224 3327 372 3390 Sustinet
388 3328 433 3391 ire
449 3329 537 3408 illuc,
554 3329 677 3392 coelesti
693 3331 769 3394 sede
786 3330 906 3407 relicti,

176 3431 342 3513 (Tantum
359 3433 441 3496 odiis
455 3434 574 3516 iraeque
590 3435 702 3522 dabat)
720 3435 872 3498 Saturnia
886 3437 905 3499 J
909 3455 982 3498 uno.

176 3537 257 3605 Qud
273 3539 369 3601 simul
386 3541 527 3620 intravit,
544 3557 696 3622 sacroque
712 3561 732 3602 a
747 3561 877 3622 corpore
895 3560 1038 3622 pressum

175 3643 343 3725 Ingemuit
360 3645 470 3726 limen,
488 3646 549 3710 tria
563 3647 722 3712 Cerberus
737 3645 854 3708 extulit
869 3665 933 3724 ora,
1155 3643 1216 3706 130
