2636 4178
578 297 678 350 soor<
697 290 748 351 xc·
1131 282 1193 346 115

196 456 265 518 Aut
282 453 388 516 minus
403 465 459 517 aut
475 454 560 518 certb
576 454 720 520 medium
736 473 801 518 non
816 455 955 540 amplius
970 477 1078 540 requos
1130 457 1193 522 115

156 560 266 642 Puppe
282 559 460 638 secabatur,
476 559 635 642 longeque
651 571 717 624 arat
735 571 867 642 utraque
883 561 988 643 tellus,

159 662 242 727 Cum
257 682 343 726 mare
360 663 420 726 sub
436 675 564 728 noctem
580 666 714 729 tumidis
729 666 889 730 albescere
904 667 1001 751 coepit

161 767 338 847 Fluctibus,
356 779 388 830 et
405 789 544 854 praeceps
558 771 673 852 spirare
690 771 848 836 valentius
865 772 981 836 Eurus.

162 873 285 936 ‘Ardua
296 870 488 952 jamdudum
504 872 664 938 demittite
681 878 821 955 cornua,'
837 887 942 942 rector

159 978 292 1056 Clamat,
312 985 361 1039 ‘et
377 979 526 1052 antennis
543 989 648 1044 totum
662 980 845 1048 subnectite
861 981 994 1046 velum’
1131 982 1193 1048 lac

155 1083 221 1146 Hic
233 1081 350 1162 jubet3
375 1083 555 1164 impediunt
570 1083 711 1147 adversar
723 1082 814 1164 jussa
828 1086 986 1169 procellae,

151 1187 221 1251 Nec
239 1188 317 1250 sinit
332 1186 435 1250 audiri
450 1207 563 1258 vacem
579 1187 684 1270 fragor
699 1190 835 1270 aequoris
851 1191 958 1256 ullam.

154 1293 280 1376 Sponte
297 1303 406 1356 tamen
423 1304 587 1376 properant
602 1294 658 1356 alii
672 1295 849 1359 subducere
865 1317 978 1377 remos,

156 1398 234 1459 Pars
249 1397 373 1460 munire
390 1397 483 1475 latus,
499 1417 570 1480 pars
585 1401 692 1463 ventis
706 1400 778 1463 vela
792 1419 917 1484 negare.

163 1501 274 1582 Egerit
288 1503 340 1564 hic
355 1501 483 1581 fluctus,
500 1522 669 1584 aequorque
687 1503 828 1567 refundit
844 1505 879 1566 in
894 1523 1023 1586 aequom
1130 1506 1193 1570 125

164 1605 230 1667 Hic
247 1607 323 1687 rapit
337 1618 501 1670 antennas.
549 1608 637 1675 Quae
652 1608 731 1672 dum
748 1608 816 1672 sine
832 1608 903 1692 lege
919 1619 1082 1691 geruntur,

163 1713 283 1792 Aspera
297 1714 405 1776 crescit
421 1714 535 1791 hiems,
552 1714 703 1794 omnique
719 1733 737 1776 e
754 1724 841 1796 parte
858 1712 981 1778 feroces

160 1814 251 1880 Beira
266 1828 380 1896 gerunt
396 1799 496 1892 venti,
513 1814 656 1896 fretaque
674 1816 876 1900 indignantia
890 1819 1037 1882 miscent.

202 1920 274 2002 Ipse
291 1932 395 2001 pavet,
411 1941 471 1984 uec
488 1941 531 2002 se,
549 1922 604 2001 qui
620 1922 661 1984 sit
676 1933 789 2001 status,
806 1922 873 2006 ipse
889 1920 1007 1988 fatetur

158 2025 248 2087 Scire
265 2026 342 2088 ratis
358 2038 469 2105 rector,
488 2046 546 2090 nec
563 2027 641 2107 quid
653 2025 815 2108 iubeatve,
827 2028 952 2092 tvalitve
969 2051 976 2092 :
1132 2028 1194 2094 130

160 2131 266 2192 Tanta
283 2131 359 2194 mali
376 2132 477 2195 moles
494 2142 645 2212 tantoque
664 2134 823 2214 potentior
838 2145 903 2198 arte
919 2136 986 2198 est!

159 2237 288 2318 Quippe
305 2247 418 2299 sonant
434 2237 571 2300 clamore
587 2237 657 2316 viri,
673 2239 804 2301 stridore
816 2239 981 2320 audentea,

158 2340 324 2404 Undarum
342 2341 471 2404 incursu
487 2342 592 2424 gravis
608 2344 703 2420 unda,
721 2343 893 2408 tonitribus
907 2345 1031 2426 aether3

158 2445 331 2508 Fluctibus
346 2446 487 2528 erigitur,
503 2448 684 2528 coelumque
701 2467 826 2528 aequare
842 2448 971 2511 videtur

160 2549 293 2627 Pontus,
310 2561 343 2613 et
359 2552 505 2616 inductas
520 2551 708 2634 adspergine
725 2562 853 2633 tangere
871 2552 974 2616 nubes
984 2574 992 2633 ;
1132 2551 1195 2618 135

160 2655 203 2732 Et
218 2656 326 2735 modb,
342 2657 415 2720 crim
431 2656 536 2720 fulvas
551 2677 593 2720 ex
609 2658 674 2719 imo
691 2656 785 2718 vertit
800 2675 921 2735 arenas,
1037 2657 1040 2674 '

158 2760 318 2824 Concolor
333 2773 380 2823 est
395 2762 468 2840 illis,
487 2761 604 2844 Stygia
618 2760 716 2824 modd
731 2762 850 2843 nigrior
865 2760 974 2841 undb3

160 2866 321 2928 Sternitur
336 2866 508 2945 interdum,
525 2868 709 2948 spumisque
725 2867 913 2930 sonantibus
927 2867 1028 2930 arbee

159 2970 235 3053 Ipsa
249 2970 375 3053 qudque
392 2972 442 3034 his
458 2972 563 3052 agitur
580 2972 708 3034 vicibus
724 2971 901 3035 Trachinia
916 2973 1040 3060 puppis,

162 3075 206 3138 Et
221 3073 480 3153 nunc'sublirnis,
499 3075 599 3139 veluti
614 3076 654 3138 de
671 3077 789 3141 vertice
806 3077 936 3158 montis,
1134 3075 1197 3140 140

164 3179 333 3264 Despicere
350 3184 383 3244 in
395 3180 499 3246 valles
515 3181 679 3261 imumque
695 3182 879 3246 Acheronta
893 3182 1021 3246 videtur
1034 3203 1041 3262 ;

156 3283 264 3366 Nunc,
282 3287 337 3350 ubi
352 3285 524 3350 demissam
540 3305 675 3350 curvum
690 3286 900 3350 circumstetit
915 3305 1043 3372 aequor,

158 3391 332 3474 Suspicere
347 3389 473 3476 insarno
490 3409 658 3454 summum
670 3390 710 3456 de
726 3392 851 3475 gurgite
868 3390 996 3456 caelum.

157 3497 257 3580 Saepe
273 3494 328 3560 dat
344 3497 508 3578 ingentem
521 3495 622 3560 fluctu
638 3495 723 3559 latus
737 3497 803 3560 icta
817 3495 984 3580 fragorem,

157 3603 227 3667 Nec
243 3601 347 3665 levius
363 3602 486 3684 pulsata
501 3612 603 3680 sonat,
620 3603 717 3682 quam
733 3589 853 3666 ferreirs
868 3601 946 3668 olim
1136 3599 1198 3666 145

156 3709 245 3772 Ciam
261 3706 380 3772 laceras
394 3707 475 3800 aries
492 3705 658 3771 bailistave
674 3706 819 3770 concutit
834 3727 931 3772 arcas,
