2636 4178
859 26 900 38 ...a

421 258 541 312 OVID'S
561 255 880 311 mmoarnosrs.

508 606 659 672 BOOK
695 604 795 670 ΠΙ.

476 883 575 927 3ΔὸοΝ
597 883 662 925 AND
685 882 807 924 ΗΒΕΑ.

605 1038 690 1102 ml.
741 1121 744 1132 1

176 1161 312 1240 Jamque
327 1157 447 1223 fretum
465 1159 588 1242 Minyae
605 1159 759 1242 Pagasaed
774 1179 879 1243 puppa
896 1159 1060 1239 secabant,

133 1265 300 1344 Multaque
316 1264 455 1348 perpessi
470 1265 556 1328 claro
571 1266 632 1327 sub
648 1267 763 1328 Iasone
790 1263 920 1329 tandem

133 1370 343 1451 Contigerant
359 1369 483 1452 rapidas
498 1369 603 1432 limosi
620 1369 776 1432 Phasidos
791 1368 904 1432 undas.

134 1476 286 1556 Dumque
302 1473 422 1537 adeunt
436 1493 557 1556 regem,
573 1474 775 1553 Phrixeaque
791 1473 910 1536 vellera
925 1483 1073 1555 poscunt,

134 1579 267 1660 Lexque
282 1579 375 1642 datur
391 1580 514 1660 Minyis
530 1598 718 1662 magnorum
735 1578 892 1643 horrenda
905 1579 1072 1643 laborum:
1150 1579 1172 1642 5

133 1684 284 1767 Concipit
299 1685 420 1747 interea
435 1685 559 1748 validos
576 1684 699 1748 AEetias
715 1685 815 1767 ignes.

135 1788 179 1852 Et
194 1790 315 1852 luctata
328 1788 395 1868 diu,
413 1799 581 1871 postquam
598 1790 719 1852 ratione
735 1787 875 1852 furorem

134 1894 268 1957 Vincere
284 1913 350 1956 non
367 1903 506 1976 poterat3
532 1892 699 1972 ‘Frustra‚·
710 1891 834 1972 Medea,
851 1913 1027 1976 repugnas3

134 1997 251 2060 Nescio
267 1997 338 2079 quis
353 1997 433 2060 deus
448 1997 574 2076 obstat,’
589 1997 655 2078 ait;
681 1998 880 2077 ‘mirumque
896 1998 974 2079 quid
989 1999 1051 2062 hoc
1067 2007 1124 2074 est,

134 2104 200 2166 Aut
215 2102 336 2182 aliquid
351 2102 437 2165 certe
453 2101 558 2164 simile
573 2101 661 2180 huic,
678 2102 766 2190 quod
780 2122 886 2165 amare
904 2114 1044 2167 vocatur.
1132 2102 1172 2166 10

134 2207 217 2270 Nam
235 2227 292 2269 cur
303 2203 393 2286 jussa
407 2205 505 2288 patris
520 2205 658 2271 nimium
674 2207 756 2270 mihi
771 2207 851 2270 dura
866 2207 1039 2272 videntur?

137 2311 221 2374 Sunt
236 2310 362 2392 quoque
379 2311 459 2374 dura
473 2312 579 2375 nimis.
626 2312 702 2392 Gur,
716 2330 813 2392 quem
828 2311 926 2376 modo
941 2312 1080 2393 denique
1092 2310 1169 2391 vidi,

134 2415 183 2479 Ne
200 2427 315 2500 pereat,
333 2417 455 2480 timeo?
478 2435 550 2497 quae
565 2417 648 2480 tanti
662 2436 760 2480 causa
774 2417 920 2481 timoris?

135 2522 263 2586 Excute
280 2522 425 2604 virgineo
441 2531 612 2604 conceptas
628 2534 755 2605 pectore
770 2521 927 2602 flammas,

136 2628 174 2690 Si
189 2639 288 2710 potes,
306 2626 429 2691 infelix.
478 2626 515 2690 si
532 2646 668 2710 possem,
685 2627 790 2690 sanior
805 2647 919 2706 essem,
1132 2625 1174 2688 15

136 2731 203 2794 Sed
218 2733 314 2795 trahit
331 2733 467 2795 invitam
482 2751 567 2794 nova
583 2733 641 2811 via,
658 2732 809 2813 aliudque
826 2731 955 2815 cupido,

134 2837 228 2900 Mens
244 2835 332 2899 aliud
347 2835 468 2898 suadet.
516 2835 618 2899 Video
634 2835 774 2916 meliora,
792 2839 964 2918 proboque,

137 2941 302 3004 Deteriora
317 2929 439 3019 sequor.
486 2939 580 3009 Quid
591 2940 625 3002 in
640 2939 775 3022 hospite,
792 2942 881 3024 regia
895 2943 996 3025 virgo,

137 3046 253 3124 Ureris,
268 3055 301 3107 et
317 3044 475 3106 thalamos
490 3043 587 3106 alieni
603 3045 746 3128 concipis
761 3046 872 3110 orbis?

136 3151 218 3214 Haee
229 3149 354 3231 qudque
365 3159 446 3211 terra
455 3159 570 3232 potest,
581 3149 668 3230 quod
676 3169 774 3230 ames,
785 3151 869 3214 dare.
894 3149 1173 3232 ructandum

137 3255 281 3334 Occidet,
299 3256 332 3318 in
347 3253 397 3318 dis
412 3265 470 3318 est.
518 3255 614 3319 Vivat
630 3265 759 3336 tamen;
783 3255 879 3338 idque
898 3258 1017 3340 precari

139 3361 195 3423 Vel
212 3362 280 3423 sine
297 3379 404 3424 amore
419 3359 506 3424 licet.
552 3360 645 3429 Quid
660 3361 748 3424 enim
762 3362 925 3426 commisit
941 3363 1061 3425 Iason?

135 3466 257 3545 Quem,
275 3466 337 3529 nisi
353 3465 526 3546 crudelem,
542 3483 609 3528 non
624 3475 735 3548 tangat
751 3467 875 3530 Iasonis
890 3477 978 3547 aetas,
1009 3551 1012 3556 Ι

137 3569 181 3632 Et
197 3590 299 3653 genus
315 3582 348 3634 et
362 3569 490 3634 virtus?
513 3589 610 3652 quem
626 3589 703 3651 non,
719 3582 756 3634 ut
772 3583 878 3635 cetera
891 3572 1008 3652 desint,
