<?xml version="1.0" encoding="UTF-8"?>
<!DOCTYPE html PUBLIC "-//W3C//DTD XHTML 1.0 Transitional//EN"
    "http://www.w3.org/TR/xhtml1/DTD/xhtml1-transitional.dtd">
<html xmlns="http://www.w3.org/1999/xhtml" xml:lang="en" lang="en">
 <head>
  <title>
</title>
<meta http-equiv="Content-Type" content="text/html;charset=utf-8" />
  <meta name='ocr-system' content='tesseract 3.04.00' />
  <meta name='ocr-capabilities' content='ocr_page ocr_carea ocr_par ocr_line ocrx_word'/>
</head>
<body>
  <div class='ocr_page' id='page_1' title='image "./selectionsfromm00ovidgoog_0159.png"; bbox 0 0 2636 4178; ppageno 0'>
   <div class='ocr_carea' id='block_1_1' title="bbox 108 233 885 304">
    <p class='ocr_par' dir='ltr' id='par_1_1' title="bbox 108 233 885 304">
     <span class='ocr_line' id='line_1_1' title="bbox 108 233 885 304; baseline 0 -2"><span class='ocrx_word' id='word_1_1' title='bbox 108 233 188 302; x_wconf 80' lang='grc'>,150</span> <span class='ocrx_word' id='word_1_2' title='bbox 423 253 540 304; x_wconf 83' lang='lat' dir='ltr'><strong>ovurs</strong></span> <span class='ocrx_word' id='word_1_3' title='bbox 563 251 885 302; x_wconf 74' lang='lat' dir='ltr'><strong>neranorrrrrosaa</strong></span> 
     </span>
    </p>
   </div>
   <div class='ocr_carea' id='block_1_2' title="bbox 73 406 1159 3739">
    <p class='ocr_par' dir='ltr' id='par_1_2' title="bbox 119 406 1158 490">
     <span class='ocr_line' id='line_1_2' title="bbox 119 406 1158 490; baseline -0.001 -20"><span class='ocrx_word' id='word_1_4' title='bbox 119 406 381 490; x_wconf 81' lang='lat' dir='ltr'><strong>Faunigenoeque</strong></span> <span class='ocrx_word' id='word_1_5' title='bbox 398 408 494 470; x_wconf 88' lang='lat' dir='ltr'><strong>domo</strong></span> <span class='ocrx_word' id='word_1_6' title='bbox 511 408 630 489; x_wconf 90' lang='lat' dir='ltr'><strong>potitur</strong></span> <span class='ocrx_word' id='word_1_7' title='bbox 645 407 785 487; x_wconf 64' lang='lat' dir='ltr'><strong>natamue</strong></span> <span class='ocrx_word' id='word_1_8' title='bbox 800 407 919 486; x_wconf 89' lang='lat' dir='ltr'><strong>Latini,</strong></span> <span class='ocrx_word' id='word_1_9' title='bbox 1134 415 1158 479; x_wconf 71' lang='grc'><strong><em>5</em></strong></span> 
     </span>
    </p>

    <p class='ocr_par' dir='ltr' id='par_1_3' title="bbox 116 511 1024 594">
     <span class='ocr_line' id='line_1_3' title="bbox 116 511 1024 594; baseline 0.003 -18"><span class='ocrx_word' id='word_1_10' title='bbox 116 512 190 576; x_wconf 82' lang='grc' dir='ltr'><strong>Νοη</strong></span> <span class='ocrx_word' id='word_1_11' title='bbox 205 514 274 576; x_wconf 87' lang='lat' dir='ltr'><strong>sine</strong></span> <span class='ocrx_word' id='word_1_12' title='bbox 291 514 393 576; x_wconf 88' lang='lat' dir='ltr'><strong>Marte</strong></span> <span class='ocrx_word' id='word_1_13' title='bbox 410 525 528 576; x_wconf 88' lang='lat' dir='ltr'><strong>tamen.</strong></span> <span class='ocrx_word' id='word_1_14' title='bbox 576 511 703 576; x_wconf 90' lang='lat' dir='ltr'><strong>Bellum</strong></span> <span class='ocrx_word' id='word_1_15' title='bbox 719 531 796 576; x_wconf 90' lang='lat' dir='ltr'><strong>cum</strong></span> <span class='ocrx_word' id='word_1_16' title='bbox 811 524 908 594; x_wconf 85' lang='lat' dir='ltr'><strong>gente</strong></span> <span class='ocrx_word' id='word_1_17' title='bbox 924 513 1024 579; x_wconf 85' lang='lat' dir='ltr'><strong>feroci</strong></span> 
     </span>
    </p>

    <p class='ocr_par' dir='ltr' id='par_1_4' title="bbox 118 615 960 702">
     <span class='ocr_line' id='line_1_4' title="bbox 118 615 960 702; baseline 0.002 -22"><span class='ocrx_word' id='word_1_18' title='bbox 118 617 308 702; x_wconf 72' lang='lat' dir='ltr'><strong>suscipitur,</strong></span> <span class='ocrx_word' id='word_1_19' title='bbox 325 619 481 702; x_wconf 71' lang='lat' dir='ltr'><strong>pactaque</strong></span> <span class='ocrx_word' id='word_1_20' title='bbox 497 617 574 681; x_wconf 82' lang='lat' dir='ltr'><strong>furit</strong></span> <span class='ocrx_word' id='word_1_21' title='bbox 590 637 646 700; x_wconf 94' lang='lat' dir='ltr'><strong>pro</strong></span> <span class='ocrx_word' id='word_1_22' title='bbox 661 615 799 699; x_wconf 85' lang='lat' dir='ltr'><strong>conjuge</strong></span> <span class='ocrx_word' id='word_1_23' title='bbox 817 619 960 682; x_wconf 83' lang='lat' dir='ltr'><strong>Turnus.</strong></span> 
     </span>
    </p>

    <p class='ocr_par' dir='ltr' id='par_1_5' title="bbox 93 721 866 806">
     <span class='ocr_line' id='line_1_5' title="bbox 93 721 866 806; baseline 0.001 -20"><span class='ocrx_word' id='word_1_24' title='bbox 93 787 96 793; x_wconf 78' lang='grc'><strong><em>,</em></strong></span> <span class='ocrx_word' id='word_1_25' title='bbox 160 724 327 787; x_wconf 83' lang='lat' dir='ltr'>Concurrit</span> <span class='ocrx_word' id='word_1_26' title='bbox 344 724 438 786; x_wconf 89' lang='lat' dir='ltr'><strong>Latio</strong></span> <span class='ocrx_word' id='word_1_27' title='bbox 454 723 639 806; x_wconf 80' lang='lat' dir='ltr'>Tyrrhenia</span> <span class='ocrx_word' id='word_1_28' title='bbox 653 732 730 801; x_wconf 90' lang='lat' dir='ltr'><strong>tota,</strong></span> <span class='ocrx_word' id='word_1_29' title='bbox 745 721 866 804; x_wconf 90' lang='lat' dir='ltr'><strong>diuque</strong></span> 
     </span>
    </p>

    <p class='ocr_par' dir='ltr' id='par_1_6' title="bbox 116 827 842 910">
     <span class='ocr_line' id='line_1_6' title="bbox 116 827 842 910; baseline 0.001 -19"><span class='ocrx_word' id='word_1_30' title='bbox 116 828 225 892; x_wconf 83' lang='lat' dir='ltr'>Ardua</span> <span class='ocrx_word' id='word_1_31' title='bbox 240 827 387 892; x_wconf 85' lang='lat' dir='ltr'><strong>sollicitis</strong></span> <span class='ocrx_word' id='word_1_32' title='bbox 402 829 536 910; x_wconf 79' lang='lat' dir='ltr'><strong>victoria</strong></span> <span class='ocrx_word' id='word_1_33' title='bbox 550 828 701 908; x_wconf 77' lang='lat' dir='ltr'><strong>quaritur</strong></span> <span class='ocrx_word' id='word_1_34' title='bbox 716 829 820 895; x_wconf 79' lang='lat' dir='ltr'><strong>amis.</strong></span> <span class='ocrx_word' id='word_1_35' title='bbox 839 835 842 844; x_wconf 89' lang='lat'>&#39;</span> 
     </span>
    </p>

    <p class='ocr_par' dir='ltr' id='par_1_7' title="bbox 115 933 843 1016">
     <span class='ocr_line' id='line_1_7' title="bbox 115 933 843 1016; baseline 0.003 -22"><span class='ocrx_word' id='word_1_36' title='bbox 115 934 223 1016; x_wconf 86' lang='lat' dir='ltr'><strong>Auget</strong></span> <span class='ocrx_word' id='word_1_37' title='bbox 237 946 369 1014; x_wconf 87' lang='lat' dir='ltr'><strong>uterque</strong></span> <span class='ocrx_word' id='word_1_38' title='bbox 385 953 459 996; x_wconf 85' lang='lat' dir='ltr'><strong>suaa</strong></span> <span class='ocrx_word' id='word_1_39' title='bbox 474 943 607 996; x_wconf 86' lang='lat' dir='ltr'><strong>externo</strong></span> <span class='ocrx_word' id='word_1_40' title='bbox 622 934 733 1008; x_wconf 87' lang='lat' dir='ltr'><strong>robore</strong></span> <span class='ocrx_word' id='word_1_41' title='bbox 750 933 843 1013; x_wconf 84' lang='lat' dir='ltr'><strong>vires,</strong></span> 
     </span>
    </p>

    <p class='ocr_par' dir='ltr' id='par_1_8' title="bbox 116 1035 853 1117">
     <span class='ocr_line' id='line_1_8' title="bbox 116 1035 853 1117; baseline 0.003 -19"><span class='ocrx_word' id='word_1_42' title='bbox 116 1037 160 1100; x_wconf 85' lang='lat' dir='ltr'><strong>Et</strong></span> <span class='ocrx_word' id='word_1_43' title='bbox 175 1037 270 1101; x_wconf 89' lang='lat' dir='ltr'><strong>multi</strong></span> <span class='ocrx_word' id='word_1_44' title='bbox 286 1037 436 1117; x_wconf 86' lang='lat' dir='ltr'><strong>Rutulos,</strong></span> <span class='ocrx_word' id='word_1_45' title='bbox 453 1037 547 1100; x_wconf 91' lang='lat' dir='ltr'><strong>multi</strong></span> <span class='ocrx_word' id='word_1_46' title='bbox 564 1035 708 1116; x_wconf 84' lang='lat' dir='ltr'><strong>Trojana</strong></span> <span class='ocrx_word' id='word_1_47' title='bbox 722 1049 853 1102; x_wconf 89' lang='lat' dir='ltr'><strong>tuentur</strong></span> 
     </span>
    </p>

    <p class='ocr_par' dir='ltr' id='par_1_9' title="bbox 115 1127 1019 1226">
     <span class='ocr_line' id='line_1_9' title="bbox 115 1127 1019 1226; baseline 0.006 -21"><span class='ocrx_word' id='word_1_48' title='bbox 115 1143 234 1205; x_wconf 88' lang='lat' dir='ltr'><strong>Castra.</strong></span> <span class='ocrx_word' id='word_1_49' title='bbox 281 1143 392 1223; x_wconf 89' lang='lat' dir='ltr'><strong>Neque</strong></span> <span class='ocrx_word' id='word_1_50' title='bbox 408 1142 529 1205; x_wconf 83' lang='lat' dir='ltr'><strong>AEneas</strong></span> <span class='ocrx_word' id='word_1_51' title='bbox 545 1127 689 1204; x_wconf 82' lang='lat' dir='ltr'><strong>Evandri</strong></span> <span class='ocrx_word' id='word_1_52' title='bbox 703 1141 742 1204; x_wconf 91' lang='lat' dir='ltr'><strong>ad</strong></span> <span class='ocrx_word' id='word_1_53' title='bbox 757 1143 880 1216; x_wconf 24' lang='lat' dir='ltr'><strong>,moenia</strong></span> <span class='ocrx_word' id='word_1_54' title='bbox 895 1142 1019 1226; x_wconf 70' lang='lat' dir='ltr'><strong>frustra,</strong></span> 
     </span>
    </p>

    <p class='ocr_par' dir='ltr' id='par_1_10' title="bbox 113 1245 960 1328">
     <span class='ocr_line' id='line_1_10' title="bbox 113 1245 960 1328; baseline 0.005 -20"><span class='ocrx_word' id='word_1_55' title='bbox 113 1247 158 1309; x_wconf 84' lang='lat' dir='ltr'><strong>At</strong></span> <span class='ocrx_word' id='word_1_56' title='bbox 175 1247 319 1310; x_wconf 85' lang='lat' dir='ltr'><strong>Venulus</strong></span> <span class='ocrx_word' id='word_1_57' title='bbox 334 1247 449 1310; x_wconf 86' lang='lat' dir='ltr'><strong>frustra</strong></span> <span class='ocrx_word' id='word_1_58' title='bbox 465 1245 592 1328; x_wconf 84' lang='lat' dir='ltr'><strong>profugi</strong></span> <span class='ocrx_word' id='word_1_59' title='bbox 608 1246 775 1318; x_wconf 85' lang='lat' dir='ltr'><strong>Diomedis</strong></span> <span class='ocrx_word' id='word_1_60' title='bbox 790 1245 831 1310; x_wconf 88' lang='lat' dir='ltr'><strong>ad</strong></span> <span class='ocrx_word' id='word_1_61' title='bbox 849 1248 960 1312; x_wconf 89' lang='lat' dir='ltr'><strong>urbem</strong></span> 
     </span>
    </p>

    <p class='ocr_par' dir='ltr' id='par_1_11' title="bbox 114 1350 1022 1434">
     <span class='ocr_line' id='line_1_11' title="bbox 114 1350 1022 1434; baseline 0.007 -22"><span class='ocrx_word' id='word_1_62' title='bbox 114 1350 262 1414; x_wconf 86' lang='lat' dir='ltr'><strong>Venerat.</strong></span> <span class='ocrx_word' id='word_1_63' title='bbox 310 1352 369 1415; x_wconf 91' lang='lat' dir='ltr'><strong>Ille</strong></span> <span class='ocrx_word' id='word_1_64' title='bbox 385 1351 515 1432; x_wconf 90' lang='lat' dir='ltr'><strong>quidem</strong></span> <span class='ocrx_word' id='word_1_65' title='bbox 532 1352 591 1414; x_wconf 87' lang='lat' dir='ltr'><strong>sub</strong></span> <span class='ocrx_word' id='word_1_66' title='bbox 608 1352 730 1434; x_wconf 80' lang='lat' dir='ltr'>Iapyge</span> <span class='ocrx_word' id='word_1_67' title='bbox 746 1352 889 1414; x_wconf 88' lang='lat' dir='ltr'><strong>maxima</strong></span> <span class='ocrx_word' id='word_1_68' title='bbox 905 1353 1022 1418; x_wconf 83' lang='lat' dir='ltr'><strong>Dauno</strong></span> 
     </span>
    </p>

    <p class='ocr_par' dir='ltr' id='par_1_12' title="bbox 116 1456 1155 1536">
     <span class='ocr_line' id='line_1_12' title="bbox 116 1456 1155 1536; baseline 0.005 -16"><span class='ocrx_word' id='word_1_69' title='bbox 116 1456 238 1520; x_wconf 83' lang='lat' dir='ltr'><strong>Moenia</strong></span> <span class='ocrx_word' id='word_1_70' title='bbox 253 1456 448 1534; x_wconf 81' lang='lat' dir='ltr'><strong>condiderat,</strong></span> <span class='ocrx_word' id='word_1_71' title='bbox 465 1456 646 1536; x_wconf 79' lang='lat' dir='ltr'><strong>dotaliaque</strong></span> <span class='ocrx_word' id='word_1_72' title='bbox 662 1477 737 1518; x_wconf 86' lang='lat' dir='ltr'><strong>arva</strong></span> <span class='ocrx_word' id='word_1_73' title='bbox 753 1457 891 1520; x_wconf 88' lang='lat' dir='ltr'><strong>tenebat.</strong></span> <span class='ocrx_word' id='word_1_74' title='bbox 1114 1462 1155 1526; x_wconf 76' lang='lat'><strong>15</strong></span> 
     </span>
    </p>

    <p class='ocr_par' dir='ltr' id='par_1_13' title="bbox 115 1560 966 1645">
     <span class='ocr_line' id='line_1_13' title="bbox 115 1560 966 1645; baseline 0.002 -21"><span class='ocrx_word' id='word_1_75' title='bbox 115 1561 182 1624; x_wconf 85' lang='lat' dir='ltr'><strong>Sed</strong></span> <span class='ocrx_word' id='word_1_76' title='bbox 198 1560 344 1625; x_wconf 85' lang='lat' dir='ltr'><strong>Venulus</strong></span> <span class='ocrx_word' id='word_1_77' title='bbox 360 1561 467 1625; x_wconf 85' lang='lat' dir='ltr'><strong>Turni</strong></span> <span class='ocrx_word' id='word_1_78' title='bbox 483 1573 651 1645; x_wconf 86' lang='lat' dir='ltr'><strong>postquam</strong></span> <span class='ocrx_word' id='word_1_79' title='bbox 666 1561 819 1624; x_wconf 88' lang='lat' dir='ltr'><strong>mandata</strong></span> <span class='ocrx_word' id='word_1_80' title='bbox 833 1564 966 1645; x_wconf 84' lang='lat' dir='ltr'><strong>peregit,</strong></span> 
     </span>
    </p>

    <p class='ocr_par' dir='ltr' id='par_1_14' title="bbox 114 1665 835 1748">
     <span class='ocr_line' id='line_1_14' title="bbox 114 1665 835 1748; baseline -0.001 -18"><span class='ocrx_word' id='word_1_81' title='bbox 114 1667 347 1748; x_wconf 81' lang='lat' dir='ltr'><strong>Auxiliumque</strong></span> <span class='ocrx_word' id='word_1_82' title='bbox 363 1668 461 1748; x_wconf 88' lang='lat' dir='ltr'><strong>petit;</strong></span> <span class='ocrx_word' id='word_1_83' title='bbox 487 1668 569 1729; x_wconf 81' lang='lat' dir='ltr'><strong>vires</strong></span> <span class='ocrx_word' id='word_1_84' title='bbox 584 1665 725 1730; x_wconf 81' lang='lat' dir='ltr'><strong>AEtolius</strong></span> <span class='ocrx_word' id='word_1_85' title='bbox 741 1667 835 1729; x_wconf 87' lang='lat' dir='ltr'><strong>heros</strong></span> 
     </span>
    </p>

    <p class='ocr_par' dir='ltr' id='par_1_15' title="bbox 115 1770 953 1854">
     <span class='ocr_line' id='line_1_15' title="bbox 115 1770 953 1854; baseline 0.005 -22"><span class='ocrx_word' id='word_1_86' title='bbox 115 1770 279 1851; x_wconf 83' lang='lat' dir='ltr'><strong>Excusat;</strong></span> <span class='ocrx_word' id='word_1_87' title='bbox 304 1791 363 1834; x_wconf 89' lang='lat' dir='ltr'><strong>nec</strong></span> <span class='ocrx_word' id='word_1_88' title='bbox 380 1785 485 1834; x_wconf 85' lang='lat' dir='ltr'><strong>aeaut</strong></span> <span class='ocrx_word' id='word_1_89' title='bbox 502 1771 603 1834; x_wconf 83' lang='lat' dir='ltr'><strong>soceri</strong></span> <span class='ocrx_word' id='word_1_90' title='bbox 618 1772 818 1838; x_wconf 85' lang='lat' dir='ltr'><strong>committere</strong></span> <span class='ocrx_word' id='word_1_91' title='bbox 836 1791 953 1854; x_wconf 80' lang='lat' dir='ltr'><strong>pugnae</strong></span> 
     </span>
    </p>

    <p class='ocr_par' dir='ltr' id='par_1_16' title="bbox 114 1861 907 1958">
     <span class='ocr_line' id='line_1_16' title="bbox 114 1861 907 1958; baseline 0.001 -20"><span class='ocrx_word' id='word_1_92' title='bbox 114 1876 204 1938; x_wconf 84' lang='lat' dir='ltr'><strong>Velle</strong></span> <span class='ocrx_word' id='word_1_93' title='bbox 220 1876 271 1938; x_wconf 88' lang='lat' dir='ltr'><strong>sui</strong></span> <span class='ocrx_word' id='word_1_94' title='bbox 288 1875 431 1958; x_wconf 88' lang='lat' dir='ltr'><strong>populos,</strong></span> <span class='ocrx_word' id='word_1_95' title='bbox 448 1861 612 1956; x_wconf 81' lang='lat' dir='ltr'><strong>aut,⁰quos</strong></span> <span class='ocrx_word' id='word_1_96' title='bbox 628 1895 646 1937; x_wconf 89' lang='lat' dir='ltr'><strong>e</strong></span> <span class='ocrx_word' id='word_1_97' title='bbox 662 1889 759 1956; x_wconf 87' lang='lat' dir='ltr'><strong>gente</strong></span> <span class='ocrx_word' id='word_1_98' title='bbox 775 1895 907 1940; x_wconf 85' lang='lat' dir='ltr'><strong>suorum</strong></span> 
     </span>
    </p>

    <p class='ocr_par' dir='ltr' id='par_1_17' title="bbox 114 1979 1150 2057">
     <span class='ocr_line' id='line_1_17' title="bbox 114 1979 1150 2057; baseline 0.002 -14"><span class='ocrx_word' id='word_1_99' title='bbox 114 1981 233 2057; x_wconf 82' lang='lat' dir='ltr'><strong>Armet,</strong></span> <span class='ocrx_word' id='word_1_100' title='bbox 250 1981 366 2056; x_wconf 82' lang='lat' dir='ltr'><strong>habere</strong></span> <span class='ocrx_word' id='word_1_101' title='bbox 382 1980 474 2043; x_wconf 78' lang='lat' dir='ltr'><strong>ulloa</strong></span> <span class='ocrx_word' id='word_1_102' title='bbox 523 1979 636 2042; x_wconf 88' lang='lat' dir='ltr'><strong>Rutuli</strong></span> <span class='ocrx_word' id='word_1_103' title='bbox 653 1981 722 2044; x_wconf 90' lang='lat' dir='ltr'><strong>sine</strong></span> <span class='ocrx_word' id='word_1_104' title='bbox 739 1981 861 2044; x_wconf 86' lang='lat' dir='ltr'><strong>viribus</strong></span> <span class='ocrx_word' id='word_1_105' title='bbox 876 1981 937 2044; x_wconf 82' lang='lat' dir='ltr'><strong>illis</strong></span> <span class='ocrx_word' id='word_1_106' title='bbox 1104 1981 1150 2045; x_wconf 74' lang='lat'><strong>20</strong></span> 
     </span>
    </p>

    <p class='ocr_par' dir='ltr' id='par_1_18' title="bbox 115 2084 1062 2166">
     <span class='ocr_line' id='line_1_18' title="bbox 115 2084 1062 2166; baseline 0.001 -19"><span class='ocrx_word' id='word_1_107' title='bbox 115 2084 206 2147; x_wconf 91' lang='lat' dir='ltr'><strong>Bella</strong></span> <span class='ocrx_word' id='word_1_108' title='bbox 221 2084 362 2147; x_wconf 85' lang='lat' dir='ltr'><strong>infausta</strong></span> <span class='ocrx_word' id='word_1_109' title='bbox 377 2096 502 2166; x_wconf 87' lang='lat' dir='ltr'><strong>gerunt,</strong></span> <span class='ocrx_word' id='word_1_110' title='bbox 519 2085 723 2164; x_wconf 89' lang='lat' dir='ltr'><strong>multumque</strong></span> <span class='ocrx_word' id='word_1_111' title='bbox 739 2086 779 2148; x_wconf 92' lang='lat' dir='ltr'><strong>ab</strong></span> <span class='ocrx_word' id='word_1_112' title='bbox 796 2087 926 2166; x_wconf 72' lang='lat' dir='ltr'><strong>utrique</strong></span> <span class='ocrx_word' id='word_1_113' title='bbox 942 2085 1062 2148; x_wconf 81' lang='lat' dir='ltr'><strong>cruoris</strong></span> 
     </span>
    </p>

    <p class='ocr_par' dir='ltr' id='par_1_19' title="bbox 114 2188 1004 2272">
     <span class='ocr_line' id='line_1_19' title="bbox 114 2188 1004 2272; baseline 0.003 -22"><span class='ocrx_word' id='word_1_114' title='bbox 114 2188 208 2251; x_wconf 89' lang='lat' dir='ltr'><strong>Parte</strong></span> <span class='ocrx_word' id='word_1_115' title='bbox 224 2189 327 2253; x_wconf 89' lang='lat' dir='ltr'><strong>datur.</strong></span> <span class='ocrx_word' id='word_1_116' title='bbox 374 2190 462 2266; x_wconf 85' lang='lat' dir='ltr'><strong>Fert,</strong></span> <span class='ocrx_word' id='word_1_117' title='bbox 479 2208 566 2267; x_wconf 89' lang='lat' dir='ltr'><strong>ecce,</strong></span> <span class='ocrx_word' id='word_1_118' title='bbox 582 2189 692 2252; x_wconf 83' lang='lat' dir='ltr'><strong>avidae</strong></span> <span class='ocrx_word' id='word_1_119' title='bbox 709 2191 742 2250; x_wconf 90' lang='lat' dir='ltr'><strong>in</strong></span> <span class='ocrx_word' id='word_1_120' title='bbox 759 2191 854 2272; x_wconf 89' lang='lat' dir='ltr'><strong>pinea</strong></span> <span class='ocrx_word' id='word_1_121' title='bbox 870 2191 1004 2254; x_wconf 83' lang='lat' dir='ltr'><strong>Turnus</strong></span> 
     </span>
    </p>

    <p class='ocr_par' dir='ltr' id='par_1_20' title="bbox 116 2292 1074 2482">
     <span class='ocr_line' id='line_1_20' title="bbox 116 2292 1049 2378; baseline 0.002 -22"><span class='ocrx_word' id='word_1_122' title='bbox 116 2293 225 2357; x_wconf 83' lang='lat' dir='ltr'><strong>Texta</strong></span> <span class='ocrx_word' id='word_1_123' title='bbox 239 2292 335 2372; x_wconf 85' lang='lat' dir='ltr'><strong>facea,</strong></span> <span class='ocrx_word' id='word_1_124' title='bbox 353 2294 507 2376; x_wconf 84' lang='lat' dir='ltr'><strong>ignesque</strong></span> <span class='ocrx_word' id='word_1_125' title='bbox 524 2295 648 2372; x_wconf 90' lang='lat' dir='ltr'><strong>timent,</strong></span> <span class='ocrx_word' id='word_1_126' title='bbox 666 2295 783 2375; x_wconf 89' lang='lat' dir='ltr'><strong>quibus</strong></span> <span class='ocrx_word' id='word_1_127' title='bbox 797 2295 886 2357; x_wconf 91' lang='lat' dir='ltr'><strong>unda</strong></span> <span class='ocrx_word' id='word_1_128' title='bbox 901 2295 1049 2378; x_wconf 89' lang='lat' dir='ltr'><strong>pepercit.</strong></span> 
     </span>
     <span class='ocr_line' id='line_1_21' title="bbox 158 2389 1074 2482; baseline 0.002 -20"><span class='ocrx_word' id='word_1_129' title='bbox 158 2399 294 2480; x_wconf 83' lang='lat' dir='ltr'><strong>Jamque</strong></span> <span class='ocrx_word' id='word_1_130' title='bbox 311 2400 416 2482; x_wconf 87' lang='lat' dir='ltr'><strong>picem</strong></span> <span class='ocrx_word' id='word_1_131' title='bbox 432 2411 463 2462; x_wconf 93' lang='lat' dir='ltr'><strong>et</strong></span> <span class='ocrx_word' id='word_1_132' title='bbox 479 2419 566 2462; x_wconf 85' lang='lat' dir='ltr'><strong>ceras</strong></span> <span class='ocrx_word' id='word_1_133' title='bbox 581 2389 797 2479; x_wconf 82' lang='lat' dir='ltr'><strong>alimentaque</strong></span> <span class='ocrx_word' id='word_1_134' title='bbox 814 2411 920 2463; x_wconf 89' lang='lat' dir='ltr'><strong>cetera</strong></span> <span class='ocrx_word' id='word_1_135' title='bbox 934 2401 1074 2464; x_wconf 81' lang='lat' dir='ltr'><strong>flammae</strong></span> 
     </span>
    </p>

    <p class='ocr_par' dir='ltr' id='par_1_21' title="bbox 116 2503 1152 2585">
     <span class='ocr_line' id='line_1_22' title="bbox 116 2503 1152 2585; baseline -0.001 -18"><span class='ocrx_word' id='word_1_136' title='bbox 116 2503 273 2567; x_wconf 85' lang='lat' dir='ltr'><strong>Mulciber</strong></span> <span class='ocrx_word' id='word_1_137' title='bbox 288 2504 409 2582; x_wconf 89' lang='lat' dir='ltr'><strong>urebat,</strong></span> <span class='ocrx_word' id='word_1_138' title='bbox 427 2523 543 2585; x_wconf 86' lang='lat' dir='ltr'><strong>perque</strong></span> <span class='ocrx_word' id='word_1_139' title='bbox 559 2504 662 2566; x_wconf 87' lang='lat' dir='ltr'><strong>altum</strong></span> <span class='ocrx_word' id='word_1_140' title='bbox 677 2503 718 2566; x_wconf 90' lang='lat' dir='ltr'><strong>ad</strong></span> <span class='ocrx_word' id='word_1_141' title='bbox 733 2505 863 2567; x_wconf 87' lang='lat' dir='ltr'><strong>carbasa</strong></span> <span class='ocrx_word' id='word_1_142' title='bbox 878 2505 1001 2569; x_wconf 90' lang='lat' dir='ltr'><strong>malurn</strong></span> <span class='ocrx_word' id='word_1_143' title='bbox 1109 2505 1152 2568; x_wconf 81' lang='lat'><strong>25</strong></span> 
     </span>
    </p>

    <p class='ocr_par' dir='ltr' id='par_1_22' title="bbox 116 2591 892 2688">
     <span class='ocr_line' id='line_1_23' title="bbox 116 2591 892 2688; baseline 0 -16"><span class='ocrx_word' id='word_1_144' title='bbox 116 2609 197 2687; x_wconf 89' lang='lat' dir='ltr'><strong>Ibat,</strong></span> <span class='ocrx_word' id='word_1_145' title='bbox 214 2619 246 2671; x_wconf 90' lang='lat' dir='ltr'><strong>et</strong></span> <span class='ocrx_word' id='word_1_146' title='bbox 262 2591 404 2671; x_wconf 79' lang='lat' dir='ltr'><strong>incur&#39;vae</strong></span> <span class='ocrx_word' id='word_1_147' title='bbox 420 2607 590 2672; x_wconf 86' lang='lat' dir='ltr'><strong>fumabant</strong></span> <span class='ocrx_word' id='word_1_148' title='bbox 605 2620 739 2671; x_wconf 89' lang='lat' dir='ltr'><strong>transtra</strong></span> <span class='ocrx_word' id='word_1_149' title='bbox 753 2609 892 2688; x_wconf 85' lang='lat' dir='ltr'><strong>carinae;</strong></span> 
     </span>
    </p>

    <p class='ocr_par' dir='ltr' id='par_1_23' title="bbox 116 2712 894 2794">
     <span class='ocr_line' id='line_1_24' title="bbox 116 2712 894 2794; baseline -0.001 -17"><span class='ocrx_word' id='word_1_150' title='bbox 116 2712 210 2791; x_wconf 86' lang='lat' dir='ltr'><strong>Crlm,</strong></span> <span class='ocrx_word' id='word_1_151' title='bbox 226 2733 348 2776; x_wconf 91' lang='lat' dir='ltr'><strong>memor</strong></span> <span class='ocrx_word' id='word_1_152' title='bbox 364 2715 421 2775; x_wconf 81' lang='lat' dir='ltr'><strong>has</strong></span> <span class='ocrx_word' id='word_1_153' title='bbox 437 2715 531 2794; x_wconf 89' lang='lat' dir='ltr'><strong>pinus</strong></span> <span class='ocrx_word' id='word_1_154' title='bbox 547 2712 634 2776; x_wconf 82' lang='lat' dir='ltr'><strong>Idaeo</strong></span> <span class='ocrx_word' id='word_1_155' title='bbox 650 2713 769 2775; x_wconf 88' lang='lat' dir='ltr'><strong>vertice</strong></span> <span class='ocrx_word' id='word_1_156' title='bbox 785 2733 894 2792; x_wconf 82' lang='lat' dir='ltr'><strong>caesas,</strong></span> 
     </span>
    </p>

    <p class='ocr_par' dir='ltr' id='par_1_24' title="bbox 117 2817 925 2901">
     <span class='ocr_line' id='line_1_25' title="bbox 117 2817 925 2901; baseline 0.002 -21"><span class='ocrx_word' id='word_1_157' title='bbox 117 2817 237 2880; x_wconf 84' lang='lat' dir='ltr'><strong>Sancta</strong></span> <span class='ocrx_word' id='word_1_158' title='bbox 252 2817 347 2880; x_wconf 72' lang='lat' dir='ltr'><strong>deum</strong></span> <span class='ocrx_word' id='word_1_159' title='bbox 364 2817 503 2899; x_wconf 84' lang='lat' dir='ltr'><strong>genitrix</strong></span> <span class='ocrx_word' id='word_1_160' title='bbox 520 2817 688 2882; x_wconf 88' lang='lat' dir='ltr'><strong>tinnitibus</strong></span> <span class='ocrx_word' id='word_1_161' title='bbox 704 2818 825 2882; x_wconf 77' lang='lat' dir='ltr'><strong>athera</strong></span> <span class='ocrx_word' id='word_1_162' title='bbox 840 2819 925 2901; x_wconf 85' lang='lat' dir='ltr'><strong>pulsi</strong></span> 
     </span>
    </p>

    <p class='ocr_par' dir='ltr' id='par_1_25' title="bbox 73 2920 844 3008">
     <span class='ocr_line' id='line_1_26' title="bbox 73 2920 844 3008; baseline 0.003 -24"><span class='ocrx_word' id='word_1_163' title='bbox 73 2996 83 3008; x_wconf 39' lang='grc' dir='ltr'><em>Ι</em></span> <span class='ocrx_word' id='word_1_164' title='bbox 115 2920 202 2984; x_wconf 79' lang='lat' dir='ltr'><strong>AEris</strong></span> <span class='ocrx_word' id='word_1_165' title='bbox 216 2932 249 2984; x_wconf 89' lang='lat' dir='ltr'><strong>et</strong></span> <span class='ocrx_word' id='word_1_166' title='bbox 264 2921 366 2984; x_wconf 87' lang='lat' dir='ltr'><strong>inflati</strong></span> <span class='ocrx_word' id='word_1_167' title='bbox 382 2923 558 3002; x_wconf 86' lang='lat' dir='ltr'><strong>complevit</strong></span> <span class='ocrx_word' id='word_1_168' title='bbox 575 2941 736 2986; x_wconf 89' lang='lat' dir='ltr'><strong>murmure</strong></span> <span class='ocrx_word' id='word_1_169' title='bbox 753 2923 844 3003; x_wconf 80' lang='lat' dir='ltr'><strong>Burri,</strong></span> 
     </span>
    </p>

    <p class='ocr_par' dir='ltr' id='par_1_26' title="bbox 116 3025 1154 3106">
     <span class='ocr_line' id='line_1_27' title="bbox 116 3025 1154 3106; baseline 0 -18"><span class='ocrx_word' id='word_1_170' title='bbox 116 3025 238 3106; x_wconf 92' lang='lat' dir='ltr'><strong>Perque</strong></span> <span class='ocrx_word' id='word_1_171' title='bbox 256 3026 343 3089; x_wconf 84' lang='lat' dir='ltr'><strong>leves</strong></span> <span class='ocrx_word' id='word_1_172' title='bbox 359 3026 491 3089; x_wconf 88' lang='lat' dir='ltr'><strong>domitis</strong></span> <span class='ocrx_word' id='word_1_173' title='bbox 507 3027 637 3091; x_wconf 88' lang='lat' dir='ltr'><strong>invecta</strong></span> <span class='ocrx_word' id='word_1_174' title='bbox 652 3028 801 3091; x_wconf 83' lang='lat' dir='ltr'><strong>leonibus</strong></span> <span class='ocrx_word' id='word_1_175' title='bbox 816 3047 918 3106; x_wconf 83' lang='lat' dir='ltr'><strong>auras,</strong></span> <span class='ocrx_word' id='word_1_176' title='bbox 1112 3025 1154 3088; x_wconf 74' lang='lat'><strong>80</strong></span> 
     </span>
    </p>

    <p class='ocr_par' dir='ltr' id='par_1_27' title="bbox 118 3129 815 3213">
     <span class='ocr_line' id='line_1_28' title="bbox 118 3129 815 3213; baseline 0.003 -19"><span class='ocrx_word' id='word_1_177' title='bbox 118 3132 228 3194; x_wconf 86' lang='lat' dir='ltr'><strong>‘Irrita</strong></span> <span class='ocrx_word' id='word_1_178' title='bbox 243 3131 399 3213; x_wconf 73' lang='lat' dir='ltr'><strong>sacrilega</strong></span> <span class='ocrx_word' id='word_1_179' title='bbox 410 3129 514 3210; x_wconf 87' lang='lat' dir='ltr'><strong>jactas</strong></span> <span class='ocrx_word' id='word_1_180' title='bbox 530 3133 679 3195; x_wconf 89' lang='lat' dir='ltr'><strong>incendia</strong></span> <span class='ocrx_word' id='word_1_181' title='bbox 692 3132 815 3210; x_wconf 72' lang='lat' dir='ltr'><strong>dextri,</strong></span> 
     </span>
    </p>

    <p class='ocr_par' dir='ltr' id='par_1_28' title="bbox 117 3227 1019 3319">
     <span class='ocr_line' id='line_1_29' title="bbox 117 3227 1019 3319; baseline -0.001 -20"><span class='ocrx_word' id='word_1_182' title='bbox 117 3236 253 3315; x_wconf 63' lang='lat' dir='ltr'><strong>&#39;furna&#39;</strong></span> <span class='ocrx_word' id='word_1_183' title='bbox 269 3239 331 3316; x_wconf 86' lang='lat' dir='ltr'><strong>ait;</strong></span> <span class='ocrx_word' id='word_1_184' title='bbox 357 3237 518 3318; x_wconf 71' lang='lat' dir='ltr'><strong>‘eripiam</strong></span> <span class='ocrx_word' id='word_1_185' title='bbox 536 3257 606 3316; x_wconf 89' lang='lat' dir='ltr'><strong>nec,</strong></span> <span class='ocrx_word' id='word_1_186' title='bbox 623 3257 675 3300; x_wconf 86' lang='lat' dir='ltr'><strong>ure</strong></span> <span class='ocrx_word' id='word_1_187' title='bbox 692 3227 845 3319; x_wconf 77' lang='lat' dir='ltr'><strong>patiente,</strong></span> <span class='ocrx_word' id='word_1_188' title='bbox 862 3237 1019 3301; x_wconf 88' lang='lat' dir='ltr'><strong>cremabit</strong></span> 
     </span>
    </p>

    <p class='ocr_par' dir='ltr' id='par_1_29' title="bbox 116 3341 1000 3423">
     <span class='ocr_line' id='line_1_30' title="bbox 116 3341 1000 3423; baseline 0.002 -21"><span class='ocrx_word' id='word_1_189' title='bbox 116 3341 206 3422; x_wconf 82' lang='lat' dir='ltr'><strong>ignis</strong></span> <span class='ocrx_word' id='word_1_190' title='bbox 221 3341 305 3404; x_wconf 83' lang='lat' dir='ltr'><strong>edax</strong></span> <span class='ocrx_word' id='word_1_191' title='bbox 320 3361 489 3406; x_wconf 87' lang='lat' dir='ltr'><strong>nemorum</strong></span> <span class='ocrx_word' id='word_1_192' title='bbox 506 3353 610 3423; x_wconf 82' lang='lat' dir='ltr'><strong>partes</strong></span> <span class='ocrx_word' id='word_1_193' title='bbox 624 3353 657 3404; x_wconf 92' lang='lat' dir='ltr'><strong>et</strong></span> <span class='ocrx_word' id='word_1_194' title='bbox 672 3343 817 3406; x_wconf 88' lang='lat' dir='ltr'><strong>membra</strong></span> <span class='ocrx_word' id='word_1_195' title='bbox 832 3344 1000 3406; x_wconf 73' lang='lat' dir='ltr'><strong>meorum.²</strong></span> 
     </span>
    </p>

    <p class='ocr_par' dir='ltr' id='par_1_30' title="bbox 116 3445 845 3528">
     <span class='ocr_line' id='line_1_31' title="bbox 116 3445 845 3528; baseline 0.003 -20"><span class='ocrx_word' id='word_1_196' title='bbox 116 3446 261 3508; x_wconf 89' lang='lat' dir='ltr'><strong>Intonuit</strong></span> <span class='ocrx_word' id='word_1_197' title='bbox 277 3445 404 3510; x_wconf 90' lang='lat' dir='ltr'><strong>dicente</strong></span> <span class='ocrx_word' id='word_1_198' title='bbox 419 3447 490 3526; x_wconf 71' lang='lat' dir='ltr'><strong>dei,</strong></span> <span class='ocrx_word' id='word_1_199' title='bbox 507 3448 725 3528; x_wconf 88' lang='lat' dir='ltr'><strong>tonitmmque</strong></span> <span class='ocrx_word' id='word_1_200' title='bbox 741 3448 845 3510; x_wconf 84' lang='lat' dir='ltr'><strong>secuti</strong></span> 
     </span>
    </p>

    <p class='ocr_par' dir='ltr' id='par_1_31' title="bbox 116 3548 1159 3636">
     <span class='ocr_line' id='line_1_32' title="bbox 116 3548 1159 3636; baseline -0.002 -24"><span class='ocrx_word' id='word_1_201' title='bbox 116 3551 200 3613; x_wconf 82' lang='lat' dir='ltr'><strong>Gurn</strong></span> <span class='ocrx_word' id='word_1_202' title='bbox 217 3550 351 3614; x_wconf 83' lang='lat' dir='ltr'><strong>saliente</strong></span> <span class='ocrx_word' id='word_1_203' title='bbox 367 3571 479 3632; x_wconf 81' lang='lat' dir='ltr'><strong>graves</strong></span> <span class='ocrx_word' id='word_1_204' title='bbox 494 3553 680 3616; x_wconf 87' lang='lat' dir='ltr'><strong>ceciderunt</strong></span> <span class='ocrx_word' id='word_1_205' title='bbox 696 3552 852 3636; x_wconf 81' lang='lat' dir='ltr'><strong>grandine</strong></span> <span class='ocrx_word' id='word_1_206' title='bbox 867 3549 971 3616; x_wconf 88' lang='lat' dir='ltr'><strong>nimbi</strong></span> <span class='ocrx_word' id='word_1_207' title='bbox 985 3571 993 3631; x_wconf 76' lang='grc' dir='ltr'><strong>ς</strong></span> <span class='ocrx_word' id='word_1_208' title='bbox 1113 3548 1159 3610; x_wconf 76' lang='lat'><strong>35</strong></span> 
     </span>
    </p>

    <p class='ocr_par' dir='ltr' id='par_1_32' title="bbox 116 3655 973 3739">
     <span class='ocr_line' id='line_1_33' title="bbox 116 3655 973 3739; baseline 0.005 -23"><span class='ocrx_word' id='word_1_209' title='bbox 116 3655 263 3734; x_wconf 70' lang='lat' dir='ltr'><strong>Adraque</strong></span> <span class='ocrx_word' id='word_1_210' title='bbox 279 3667 312 3716; x_wconf 90' lang='lat' dir='ltr'><strong>et</strong></span> <span class='ocrx_word' id='word_1_211' title='bbox 328 3655 490 3720; x_wconf 88' lang='lat' dir='ltr'><strong>tumidum</strong></span> <span class='ocrx_word' id='word_1_212' title='bbox 506 3656 620 3734; x_wconf 75' lang='lat' dir='ltr'><strong>subitis</strong></span> <span class='ocrx_word' id='word_1_213' title='bbox 636 3658 848 3722; x_wconf 81' lang='lat' dir='ltr'><strong>concursibus</strong></span> <span class='ocrx_word' id='word_1_214' title='bbox 863 3675 973 3739; x_wconf 80' lang='lat' dir='ltr'><strong>aequor</strong></span> 
     </span>
    </p>
   </div>
   <div class='ocr_carea' id='block_1_3' title="bbox 0 0 1322 4178">
    <p class='ocr_par' dir='ltr' id='par_1_33' title="bbox 0 0 1322 4178">
     <span class='ocr_line' id='line_1_34' title="bbox 0 0 1322 4178; baseline 0 0"><span class='ocrx_word' id='word_1_215' title='bbox 0 0 1322 4178; x_wconf 95' lang='lat' dir='ltr'><strong> </strong></span> 
     </span>
    </p>
   </div>
  </div>
 </body>
</html>
