2646 4176
575 293 675 345 BOOK
697 295 730 343 V.

175 453 269 515 Turn
286 449 363 513 verb
380 447 553 512 indomitas
568 449 704 512 ardescit
719 451 837 532 vulgus
853 471 887 514 m
903 451 973 530 iras,

133 557 281 637 Telaque
298 554 499 636 conjiciunt;
523 567 555 617 et
571 565 656 632 sunt,
674 556 730 634 qui
745 556 875 638 Cephea
890 555 998 618 dicant

139 664 222 724 Gom
237 680 356 742 genero
372 659 487 722 debere
504 661 593 722 mori.
641 659 708 722 Sed
724 660 835 722 limine
852 661 931 723 tecti

142 765 268 828 Exierat
284 766 446 860 Cepheus,
464 774 600 826 testatus
612 761 728 844 jusque
745 764 908 844 fidemque

140 871 342 953 Hospitiique
358 869 437 932 deos
452 889 500 948 ea,
517 889 551 931 se
567 869 764 951 prohibente,
781 870 913 932 moveri.
1129 869 1173 934 45

107 1051 112 1064 ¹
181 976 303 1038 Bellica
318 975 425 1038 Pallas
439 974 539 1052 adest,
556 985 588 1035 et
605 975 743 1056 protegit
759 975 863 1057 aegide
878 973 1016 1054 fratrem,

135 1082 262 1162 Datque
279 1080 414 1142 animoa.
463 1079 541 1141 Erat
557 1079 659 1142 Indus
674 1079 779 1158 Athis,
796 1099 893 1161 quem
908 1080 1041 1143 flumina
1057 1079 1172 1162 Gange

131 1186 233 1249 Edita
249 1184 524 1252 Limnatevitreis
540 1186 695 1266 peperisse
711 1185 771 1246 sub
788 1185 884 1248 undis

131 1291 293 1368 Creditur,
311 1291 459 1370 egregius
473 1281 587 1366 sordid,
603 1308 700 1369 quam
716 1289 815 1352 divite
831 1289 921 1352 cultu

136 1396 295 1476 Augebat,
312 1395 361 1456 bis
378 1385 484 1456 adhuc
501 1395 625 1456 octonis
641 1394 765 1474 integer
780 1395 881 1472 annia,
1129 1395 1172 1457 50

138 1499 277 1561 indutus
291 1498 494 1579 chlamydem
512 1499 659 1578 Tyriam,
676 1517 773 1578 quarn
789 1498 908 1560 limbus
923 1499 1032 1560 obibat

141 1606 288 1679 Aureus;
310 1605 459 1666 ornabant
475 1613 586 1666 cirrata
601 1601 735 1665 monilia
749 1601 880 1680 collum,

144 1708 189 1769 Et
206 1707 343 1770 madidos
358 1708 490 1789 myrrhis
503 1727 641 1770 curvum
657 1706 775 1769 crinale
791 1707 932 1785 capillos.

135 1811 197 1874 lllc
214 1810 341 1890 quidem
354 1809 463 1889 jaculo
479 1810 628 1890 quamvis
643 1809 793 1872 distantia
809 1811 906 1872 misso

133 1916 252 1997 Figere
269 1915 383 1978 doctus
398 1926 474 1992 erat,
491 1913 549 1978 sed
565 1914 693 1978 tendere
708 1913 831 1978 doctior
846 1934 947 1978 arcus.
1128 1918 1172 1980 55

134 2021 225 2082 'I'um
242 2019 369 2099 queque
385 2019 473 2082 lenta
488 2039 586 2082 manu
602 2019 787 2084 flectentem
802 2041 922 2084 cornua
938 2021 1073 2084 Perseus

139 2123 263 2206 Stipite,
281 2125 337 2206 qui
352 2124 458 2188 mcdid
474 2125 596 2206 positus
611 2123 756 2188 fumabat
771 2126 805 2189 in
820 2127 884 2206 ard,

135 2228 287 2303 Perculit,
304 2240 336 2291 et
352 2227 459 2290 fractis
474 2228 622 2292 confudit
639 2231 671 2292 iu
688 2232 812 2294 ossibus
827 2251 889 2294 ora.

178 2335 280 2398 Hunc
297 2333 354 2396 ubi
369 2333 515 2396 laudatos
527 2333 704 2413 jactantem
722 2337 755 2398 in
771 2338 927 2417 sanguiue
942 2336 1054 2399 vultus

133 2440 288 2522 Assyrius
304 2439 385 2502 vidit
401 2438 560 2519 Lycabas,
573 2438 796 2519 junctissimus
812 2442 859 2503 illi
1129 2441 1172 2504 60

136 2544 179 2607 Et
195 2563 305 2606 comes
321 2556 353 2606 et
368 2546 436 2606 veri
452 2564 517 2608 non
532 2545 748 2611 dissimulator
763 2545 897 2622 amoris;

135 2648 310 2729 Postquam
327 2649 531 2712 exhalantem
548 2651 608 2712 sub
624 2650 737 2711 acerbo
754 2649 884 2710 vulnere
899 2650 1000 2712 vitam

136 2753 326 2836 Deploravit
343 2755 453 2835 Athin,
471 2775 551 2835 quos
567 2754 620 2817 ille
636 2753 813 2818 tetenderat
830 2774 921 2818 arcus

133 2860 265 2940 Arripit,
281 2871 323 2938 et,
341 2859 490 2922 ‘Mecum
507 2861 567 2922 tibi
582 2860 645 2923 sint
661 2861 855 2938 certamina‚'
871 2860 973 2942 dixit;

136 2962 224 3026 ‘Nec
239 2963 371 3044 longdm
388 2966 477 3046 pueri
492 2963 558 3026 fato
574 2964 732 3043 laetabere,
749 2985 813 3046 quo
829 2967 901 3048 plus
1128 2967 1172 3029 65

133 3067 273 3131 Invidiae
288 3068 505 3147 qubm'laudis
520 3070 640 3132 habes.²
687 3072 769 3133 Haec
786 3072 893 3134 omnia
908 3071 1053 3134 nondum

133 3173 287 3240 Dixerat:
311 3173 442 3235 emicuit
459 3193 558 3236 nervo
574 3176 769 3256 penetrabile
785 3176 897 3252 telum,

132 3279 345 3358 vitatumque
361 3289 469 3370 tamen
485 3278 616 3342 sinuosa
630 3291 719 3343 vaste
737 3281 895 3362 pependit.

131 3381 237 3448 Vertit
254 3382 289 3445 in
304 3384 391 3445 hunc
407 3384 528 3464 harpen
543 3394 719 3466 spectatam
734 3374 822 3448 caede
839 3385 983 3452 Medusae

129 3487 381 3565 Acrisioniades,
398 3489 564 3570 adigitque
580 3490 613 3552 in
631 3501 751 3572 pectus.
800 3492 843 3553 At
860 3489 915 3552 ille
1130 3491 1172 3554 ll)

128 3594 207 3658 Jam
221 3593 373 3672 mutiens,
390 3595 493 3658 oculis
508 3595 568 3656 sub
585 3605 680 3658 nocte
697 3595 881 3660 natantibus
897 3591 971 3694 atrd'
