2636 4178
570 241 674 310 soon
701 255 762 310 xv.
1128 232 1193 299 157

151 411 247 484 Quid
262 411 353 494 deus,
370 410 456 476 unde
472 413 574 492 nives,
591 431 663 494 qnae
678 412 824 476 fulminis
837 423 923 477 esset
939 413 1039 496 origo,
1152 402 1192 478 to

152 519 279 604 Jupiter
294 539 338 582 an
352 518 444 582 venti
459 517 606 582 discussi
622 519 708 581 nube
725 497 891 598 tenerent3

157 623 248 694 Quid
263 633 408 706 quateret
423 632 530 703 terras,
547 623 611 705 quir
626 622 730 686 sidera
744 622 816 705 lege
831 633 985 704 mearent,

159 729 205 795 m
220 728 432 810 quodcunque
443 728 532 792 latet.
579 723 768 810 Primusque
784 727 937 792 'animalis
951 729 1071 792 mensis
1143 755 1145 760 ,

158 834 273 918 Arguit
287 833 420 916 imponi,
435 833 556 916 primus
570 833 698 914 qudque
714 833 833 897 talibus
849 853 904 897 ora

158 938 264 1003 Docta
277 938 408 1020 quidem
423 939 530 1019 solvit,
546 938 604 1002 sed
619 943 686 1002 non
701 947 734 1002 et
747 939 880 1017 ‘credite
896 927 1022 1002 verbisr
1152 937 1194 1002 15

157 1043 311 1124 ‘Parcite
326 1043 486 1124 mortales,
503 1042 639 1126 dapibus
654 1053 807 1107 temerare
823 1042 980 1108 nefandis·

152 1152 320 1234 Corpora:
343 1157 419 1212 sunt
434 1146 553 1238 fruges,¹
568 1159 644 1213 sunt
659 1147 853 1212 deducentia
866 1167 972 1213 ramos

151 1254 302 1317 Pondere
318 1272 412 1336 poma
426 1272 495 1332 suo,
512 1249 758 1335 tumidaeque'in
768 1254 895 1318 vitibus
911 1273 984 1318 uvae
997 1274 1005 1334 3

157 1359 244 1422 Sunt
259 1358 365 1421 herbae
381 1357 501 1437 dulces
518 1369 603 1437 sunt,
620 1359 875 1440 qnaemitese'ere
890 1358 1025 1422 dammi

159 1463 338 1544 Mollirique
354 1473 473 1544 queant
486 1483 494 1544 ;
518 1481 578 1526 noo
595 1463 688 1526 vobis
703 1463 826 1526 lacteus
842 1463 959 1528 humor
1148 1463 1194 1527 20

162 1567 310 1652 Eripitur,
326 1587 386 1631 nec
403 1567 500 1631 mella
514 1565 622 1648 thymi
637 1567 814 1630 redolentia
828 1566 916 1630 flore

160 1673 295 1758 Prodiga
307 1674 438 1737 divitias
452 1672 667 1754 alimentaque
683 1671 885 1736 mitiu'tellus

159 1777 321 1863 suggerit,
337 1789 433 1860 atque
449 1778 560 1861 epulas
575 1778 645 1842 sine
661 1776 750 1841 crede
766 1787 798 1841 et
814 1775 973 1859 sanguine
988 1775 1117 1860 praebot.
1149 1781 1152 1786 ’

155 1884 260 1948 Carne
276 1881 351 1948 serre
368 1883 481 1948 sedant
493 1880 627 1964 jejunia,
644 1891 828 1946 nontamen
844 1893 978 1946 omnes:

157 1990 290 2072 Quippe
305 1985 407 2069 equus
416 1997 455 2051 'et
470 1988 609 2071 pecudes
624 1995 837 2068 amentaque
846 1986 990 2070 gramine
1005 1985 1132 2050 vivunt.
1149 1985 1194 2050 25

159 2095 199 2158 At
214 2094 332 2176 quibus
348 2093 515 2175 ingenium
530 2079 584 2157 est
594 2091 911 2174 immansuetumque
921 2091 1104 2174 denumque,

157 2199 380 2279 Armeniaeque
396 2199 492 2281 tigres
508 2197 714 2280 iracundique
730 2198 870 2261 leones‘''
900 2219 901 2226 ¹
944 2229 946 2234 v

156 2305 304 2384 Cumque
319 2302 403 2385 lupis
418 2303 493 2382 urei,
510 2303 646 2385 dapibus
661 2311 743 2366 cunr
753 2302 910 2384 sanguine
928 2298 1081 2383 gaudent.
1184 2309 1186 2313 “

156 2408 235 2472 Heu
251 2417 406 2489 quantum
422 2406 527 2470 scelus
542 2407 791 2485 est‚‘in‘viseera
805 2408 932 2469 viscera·
943 2403 1051 2484 condi,

156 2514 382 2596 Congestoque
398 2501 531 2575 avidum
544 2513 753 2594 ‘pinguescere
764 2521 897 2592 'corpore
913 2525 1038 2592 corpus,
1143 2507 1195 2574 ‘30

156 2618 359 2699 Alteriusque
375 2618 574 2680 animantem
589 2617 761 2679 animantis
776 2615 885 2677 vivers
900 2615 985 2678 leto!

159 2722 292 2787 Scilicet
307 2723 342 2788 in
358 2722 456 2786 tantis
471 2721 595 2806 opibus,
612 2738 691 2802 quas
707 2719 829 2802 optima
840 2711 983 2782 ‘matrum
1016 2731 1019 2738 ’

159 2827 263 2891 Terra
276 2838 372 2908 creat,
389 2828 435 2891 nil
452 2831 485 2890 te·
500 2825 563 2890 nisi
574 2826 681 2902 ¹tristia
694 2825 847 2890 mandere
862 2842 951 2889 saevo

158 2932 298 2998 Vulnera
313 2930 525 3013 dente‘juva‘t‚
542 2934 684 3013 ritusque
699 2930 814 2994 referre
830 2930 1034 3014 Cyclopum

158 3037 235 3118 Nec,
253 3039 315 3102 nisi
331 3037 504 3122 perdideris
519 3037 774 3120 alium‚“piacare'
786 3037 909 3102 voracis
1151 3033 1195 3100 35

163 3144 203 3207 Et
220 3127 303 3207 mali
318 3145 435 3208 morati
450 3145 568 3226 poteris
580 3140 705 3222 jejunia
720 3141 863 3205 ventris?
888 3159 889 3164 ¹
923 3149 938 3190 ὂ
1041 3201 1046 3212 ,

201 3251 245 3313 At
260 3259 356 3313 vetus
371 3249 426 3312 ilia
440 3253 529 3329 aetas‚''
543 3249 603 3312 cui*
612 3246 871 3312 fecimusnurea
885 3231 1032 3325 uomens

156 3355 295 3419 Fetibus
309 3353 447 3417 arboreis
462 3363 504 3433 et,
514 3361 602 3435 'quas'
615 3354 735 3416 humus
750 3351 879 3430 educat,
895 3349 1003 3415 herbis

156 3459 339 3523 Fortunata
352 3458 425 3540 suit,
442 3469 502 3522 nec
519 3457 633 3542 polluit
649 3477 703 3520 ora
717 3466 847 3522 cruore.¹

156 3547 257 3630 Tune
272 3576 305 3630 et
320 3567 398 3628 aves
413 3563 492 3628 tut‘ae
508 3565 637 3628 movere
653 3565 797 3648 pereira
812 3579 942 3646 pennas,
1063 3623 1071 3646 ,
1150 3559 1196 3626 40

157 3669 204 3736 Et
218 3670 310 3757 lepus
325 3670 508 3758 impavidus
522 3670 638 3736 mediis
652 3669 769 3735 erravit
784 3669 819 3733 in
834 3667 938 3749 aruis,-

469 3775 510 3842 14
