2636 4178
143 249 188 314 88
434 271 893 324 ormsuerarroaerrosrrs.

142 426 355 508 Pendulaque
367 425 482 490 audaci
497 429 619 491 mulcet
634 427 772 511 pelearia
787 427 908 506 dextri,

145 531 399 615 Suppositosque
412 530 492 614 jugo
510 531 635 614 pondus
650 553 748 616 grave
763 534 852 614 cogit
866 532 961 595 aratri
1142 533 1186 596 tt

143 637 281 716 Ducere,
300 649 333 699 et
350 637 514 700 insuetum
529 636 611 701 ferro
628 638 830 720 proscindere
846 657 1007 720 campum.

122 733 123 736 ¹
145 743 301 806 Mirantur
318 743 444 821 Colchi,
462 743 585 825 Minyae
601 743 794 807 clamoribus
810 754 939 824 augent,

144 847 375 928 Adjiciuntque
392 849 526 910 animos
574 849 676 912 Galeri
691 859 760 912 tum
776 849 875 912 sumit
890 847 973 911 abab
1002 831 1005 837 ¹

145 953 298 1036 Vipereos
314 954 436 1030 dentes,
453 965 485 1015 et
501 965 605 1017 aratos
620 955 738 1036 spargit
756 954 788 1016 in
805 973 906 1035 agros

147 1059 281 1122 Semina
296 1058 398 1121 mollit
416 1059 535 1121 humus
550 1059 656 1122 valido
673 1061 841 1142 praetincta
856 1077 992 1137 veneno,
1128 1057 1186 1121 60

147 1165 191 1226 Et
207 1175 364 1242 crescunt,
382 1163 528 1244 fiuntque
545 1166 606 1226 sati
623 1185 708 1228 nova
723 1185 854 1246 corpora
869 1164 991 1226 dentes.

147 1269 191 1330 Et
208 1269 265 1331 ubi
280 1269 457 1331 visceribus
473 1269 614 1350 gravidae
631 1270 754 1332 telluris
770 1269 878 1350 imago

147 1373 274 1436 Effeota
289 1384 337 1436 est
353 1375 503 1452 hominia,
521 1373 587 1436 feto
603 1377 768 1456 consurgit
784 1375 818 1436 in
833 1394 931 1454 arvo;

148 1479 312 1560 Quodque
327 1479 430 1561 magis
446 1481 562 1542 mirum
579 1490 639 1558 est,
655 1480 751 1542 simul
767 1481 855 1542 edita
869 1477 1013 1542 concutit
1029 1497 1126 1541 arma

148 1585 243 1652 Quos
261 1584 317 1646 ubi
333 1585 483 1648 viderunt
500 1595 669 1666 praeacutae
684 1586 827 1668 cuspidis
843 1586 949 1648 hastas
1142 1583 1186 1646 65

148 1691 187 1752 In
203 1700 299 1772 caput
316 1689 481 1754 Haemonii
493 1684 623 1770 juvenis
639 1703 782 1770 torquere
799 1700 954 1772 parantes,

150 1795 314 1860 Demisere
331 1805 422 1858 metu
438 1796 628 1874 vultumque
644 1797 853 1876 animumque
870 1794 1006 1875 Pelasgi.

149 1901 224 1981 Ipsa
240 1899 367 1980 quoque
383 1898 545 1978 extimuit,
562 1918 633 1979 quae
650 1911 758 1962 tutum
775 1897 893 1961 fecerat
910 1899 1022 1978 illum;

150 2006 257 2084 thue
274 2005 339 2086 peti
353 2004 436 2066 vidit
449 2002 604 2082 juvenem
621 2013 669 2066 tot
683 2004 723 2065 ab
741 2004 888 2066 hostibus
903 2023 1016 2083 unum,

149 2109 278 2188 Palluit,
295 2120 327 2171 et
343 2108 449 2172 subito
466 2108 534 2170 sine
550 2107 708 2190 sanguine
725 2108 842 2190 frigida
856 2109 948 2171 sedit.

149 2215 241 2279 Neve
259 2215 366 2297 partlm
382 2213 509 2277 valeant
524 2235 545 2276 a
559 2234 592 2276 se
609 2214 684 2276 data
699 2214 853 2295 gramina,
870 2233 998 2278 carmen

149 2320 315 2384 Auxiliare
325 2320 428 2398 canit,
444 2330 642 2400 secretasque
658 2319 795 2382 advocat
810 2331 901 2382 artes

150 2426 220 2504 Ille,
236 2444 367 2507 gravem
384 2424 508 2488 medios
523 2425 647 2488 silicem
660 2422 821 2504 jaculatus
837 2424 871 2487 in
886 2426 1011 2502 hostes,

149 2532 180 2594 A
196 2551 229 2593 se
245 2531 415 2612 depulsum
433 2531 568 2593 Martem
584 2531 742 2594 convertit
758 2530 790 2593 in
807 2530 900 2612 ipsos.

153 2635 339 2718 Terrigenae
357 2646 489 2720 pereunt
505 2655 559 2717 per
574 2647 689 2698 mutua
704 2636 839 2699 vulnera
853 2633 973 2713 fratres,

151 2742 312 2822 Civilique
327 2739 447 2804 cadunt
462 2741 540 2802 acie.
588 2742 763 2803 Gratantur
778 2740 907 2819 Achivi,

151 2847 377 2926 victoremque
394 2854 516 2922 tenent,
532 2843 698 2924 avidisque
714 2844 918 2926 amplexibus
934 2845 1066 2908 haerent.

196 2950 390 3030 Pervigilem
401 2960 549 3029 superest
565 2948 671 3010 herbis
687 2950 789 3031 sopire
804 2949 988 3027 draconem,

152 3056 222 3123 Qui
238 3054 334 3118 cristi
349 3054 530 3134 linguisque
548 3052 648 3116 tribus
663 3055 839 3135 praesiguis‚
856 3065 889 3116 et
906 3054 998 3117 uncis
1057 3093 1060 3099 ι

152 3161 314 3224 Dentibus
330 3157 516 3238 horrendus,
533 3170 642 3222 custos
656 3169 722 3221 erat
739 3159 858 3222 arboris
873 3179 1005 3228 aureae„

152 3267 251 3330 Hunc
268 3275 435 3347 postquam
452 3264 564 3345 sparsit
581 3264 710 3346 Lethaei
724 3265 866 3346 gramine
883 3265 982 3342 succi,

154 3371 319 3451 Verbaque
336 3381 383 3432 ter
398 3370 481 3432 dixit
498 3369 640 3452 placidos
655 3368 808 3432 facientia
823 3389 964 3448 somnos,

152 3477 239 3544 Quae
256 3496 342 3538 mare
359 3476 532 3553 turbatum,
550 3493 621 3555 quaa
637 3475 766 3538 concita
781 3475 916 3538 flumina
931 3475 1044 3536 sistant
1058 3493 1066 3554 ;

154 3581 296 3646 Somnus
312 3580 346 3641 in
362 3580 489 3661 ignotos
505 3580 615 3643 oculos
631 3581 782 3662 subrepit,
799 3590 831 3642 et
847 3598 923 3642 auro

153 3685 259 3752 Heras
273 3683 428 3746 AEsonius
442 3685 581 3767 potitur3
605 3684 771 3768 spolioque
787 3684 952 3766 superbus,
