2636 4178
594 267 694 320 BOOK
715 270 775 322 XV.

159 427 230 492 Nec
247 447 304 511 per
318 435 374 490 eut
390 423 503 488 eadem
520 435 689 490 nocturna
704 423 809 490 forma
824 425 939 490 Dianae

162 533 244 601 Esse
261 542 368 616 potest
385 551 537 613 unquam,
554 550 743 614 semperque
761 532 918 595 hodierna
931 541 1097 614 sequente,

166 639 203 702 Si
217 638 341 716 crescit,
359 638 463 702 minor
478 648 537 717 est,
554 635 665 717 major,
682 638 709 701 si
724 637 885 701 contrahit
900 637 1021 700 orbem.

211 743 327 811 Quid?
351 761 418 806 nou
434 744 467 806 in
483 742 606 826 species
621 734 793 808 succedere
809 754 947 823 quatuor
962 759 1086 804 annum
1144 735 1210 803 lto

169 847 324 932 Adspicis,
341 848 446 910 aetatis
461 858 668 930 peragentem
683 848 867 912 imitamina
880 847 1021 912 nostroe?

167 953 249 1018 Nam
265 963 401 1024 teneret
417 953 550 1031 lacteus,
568 953 720 1036 puerique
736 953 922 1017 simillimus
936 970 1008 1016 aevo

167 1057 247 1122 l'ere
263 1076 349 1120 novo
365 1069 423 1122 est.
472 1057 571 1121 Tunc
587 1058 687 1122 herba
702 1079 812 1122 recem
827 1069 860 1122 et
876 1057 998 1122 roboris
1012 1074 1128 1139 expers

75 1175 77 1182 ’
166 1163 304 1245 Turget,
321 1174 354 1226 et
370 1163 507 1226 insolida
520 1174 579 1244 est,
596 1176 628 1227 et
643 1183 699 1247 spe
715 1164 853 1228 delectat
869 1175 1020 1246 agrestes.

163 1269 286 1333 Omnia
301 1279 378 1331 tunc
394 1268 517 1346 florent,
534 1269 711 1351 florumque
727 1270 888 1334 coloribus
903 1269 1009 1333 almus
1146 1261 1212 1329 lte

165 1374 266 1438 Ludit
282 1393 367 1456 ager,
384 1392 488 1456 neque
504 1375 610 1439 adhuc
626 1376 729 1438 virtus
746 1375 779 1438 iu
795 1373 962 1439 frondibus
978 1371 1046 1437 ulla
1059 1382 1118 1436 est.

170 1480 302 1542 Transit
317 1479 352 1542 iu
367 1478 525 1542 AEstatem
542 1489 613 1563 post
629 1480 692 1543 Ver
706 1480 865 1544 robustior
880 1481 1006 1557 Annus,

173 1583 289 1664 Fitque
304 1585 415 1648 valeus
427 1583 577 1665 juvenis:
602 1587 810 1665 nequeenim
826 1585 985 1648 robustior
1000 1593 1079 1648 aetas

174 1690 247 1753 Ulla
260 1711 319 1754 uec
337 1692 472 1769 uberior,
490 1711 550 1754 nec
566 1710 638 1771 quae
655 1690 759 1772 magis
774 1690 892 1769 ardeat,
910 1687 977 1752 ulla
991 1699 1050 1752 est.

170 1796 302 1878 Excipit
318 1799 515 1874 Autumnus,
534 1797 636 1878 posito
652 1795 777 1859 fervore
790 1793 937 1876 juveutae
1149 1788 1213 1856 15⁰

167 1901 315 1964 Maturus
331 1903 492 1981 mitisque,
510 1902 592 1965 inter
604 1899 823 1984 juvenemque
839 1901 1023 1990 senemque'

168 2007 343 2089 Temperie
361 2007 494 2085 medius,
512 2027 637 2090 sparsus
653 2007 780 2089 quoque
797 2016 943 2090 tempora
955 2005 1055 2070 cauis.

168 2113 248 2176 Inde
265 2113 376 2176 senilis
392 2114 509 2176 Hiems
525 2113 662 2178 tremulo
677 2114 767 2176 venit
784 2111 913 2177 horrida
928 2131 1035 2195 passu,

168 2219 235 2281 Aut
250 2218 385 2301 spoliata
400 2237 475 2281 suos
491 2229 557 2298 aut,
574 2238 654 2300 quos
669 2220 777 2300 habet,
794 2219 868 2282 elba
882 2216 1024 2301 capillos

167 2323 285 2387 Nostra
300 2323 426 2404 quoque
444 2324 584 2406 ipsorum
600 2344 725 2406 semper
740 2343 913 2406 requieque
929 2305 998 2386 siue
1014 2320 1083 2386 ullt
1151 2318 1215 2384 155

168 2430 310 2510 Corpora
325 2440 500 2509 vertuntur,
518 2449 588 2508 uec,
605 2429 692 2510 quod
708 2428 872 2494 fuimusve
887 2446 1050 2506 sumusve,

169 2535 248 2598 Oras
263 2534 391 2598 erimus.
438 2535 546 2599 lacuit
562 2533 666 2617 primo
682 2535 752 2597 sine
767 2534 891 2598 viribus
907 2531 1034 2610 infans3

169 2639 251 2704 Mox
267 2640 446 2724 quadrupes
461 2641 588 2720 rituque
605 2639 679 2701 tulit
696 2658 754 2701 suc
770 2640 915 2702 membra
930 2637 1081 2718 ferarum,

170 2745 395 2827 Paulatimque
412 2758 552 2809 tremens
567 2756 600 2808 et
617 2743 762 2808 nondum
781 2743 900 2826 poplite
918 2742 1011 2807 firmo

170 2851 335 2929 Constitit,
352 2850 469 2930 adjutis
483 2851 592 2931 aliquo
608 2851 777 2914 conamine
794 2850 910 2912 nervis.
1153 2844 1217 2911 160

171 2956 251 3022 Inde
268 2957 380 3020 valens
395 2955 555 3036 veloxque
572 2954 645 3034 fuit,
662 2955 866 3038 spatiumque
879 2953 1026 3035 juventae

172 3061 315 3140 Transit,
332 3072 375 3142 et,
392 3063 530 3124 emensis
546 3061 645 3124 medii
661 3059 786 3143 quoque
804 3061 956 3144 temporis
971 3059 1074 3138 annis,

172 3166 306 3232 Labitur
322 3166 466 3230 occidue
484 3187 537 3250 per
553 3167 613 3230 iter
628 3165 755 3229 declive
771 3177 923 3230 senectae.

173 3272 308 3337 Subruit
325 3272 395 3336 haec
411 3271 485 3348 aevi,
501 3271 735 3351 demoliturque
752 3271 863 3355 prioris

172 3378 324 3457 Robora;
347 3376 466 3458 fletque
483 3377 585 3440 Milon
603 3377 718 3454 senior,
734 3377 809 3440 ciun
824 3386 946 3460 spectet
962 3376 1076 3438 inanes
1154 3369 1217 3436 165

174 3484 263 3564 Illos,
281 3484 337 3565 qui
352 3481 478 3546 suerent
493 3483 668 3546 solidorum
685 3483 770 3546 mole
787 3495 930 3546 tororum

173 3589 347 3655 Herculeis
362 3588 493 3666 similes,
510 3571 627 3652 fluidos
643 3587 781 3671 pendere
798 3588 941 3650 lacertos.

174 3694 249 3760 Flet
265 3693 405 3777 quoque,
423 3706 457 3758 ut
473 3693 508 3758 in
523 3694 654 3777 speculo
669 3712 766 3777 rugas
780 3692 905 3776 aspexit
921 3691 1033 3772 aniles,

491 3797 564 3862 lt*
