2646 4176
119 268 165 334 24
408 293 527 348 ovrn's
548 295 867 350 rmauournosas.

122 443 215 526 ‘Fen
232 447 341 528 peter,'
358 447 472 532 inquit,
492 457 625 535 ‘opem3
648 451 686 532 ei,
702 450 846 529 flumina,
863 467 986 514 numen
1008 445 1157 512 habeta*

121 549 186 614 vix
201 569 293 632 prece
310 551 416 634 finnt,
434 565 540 638 torpor
555 557 661 638 gravis
677 565 814 638 occupet
828 563 933 642 artus:
1090 551 1157 616 495

120 653 233 718 Moru
246 655 421 738 anguntur?
435 662 527 726 tenu
541 661 715 742 praeeoura
730 660 830 724 uam:
906 645 910 652 '

120 759 161 824 In
175 757 324 824 frondem
338 762 453 843 crinea,
470 765 505 828 in
519 757 624 830 minos
639 765 772 850 brachia
785 773 954 844 creseunt3

120 862 191 943 Pes,
208 865 306 930 moda
321 877 388 932 tam
404 868 510 949 55155,
527 870 625 951 pigris
639 869 801 954 radicibus
816 871 935 948 haeret3

121 969 185 1031 Ora
200 989 363 1043 cacumen,
374 973 464 1038 obit:
488 984 633 1038 remanet
649 977 734 1040 nitor
749 993 834 1040 unns
849 975 884 1038 in
899 972 964 1038 illa

120 1074 183 1136 Oui
199 1074 288 1155 dens,
308 1078 369 1140 ‘At
385 1069 538 1158 quoniam
553 1077 676 1159 coniux
691 1099 765 1144 mea
778 1099 846 1142 non
859 1089 952 1162 potes
965 1095 1046 1156 esse,
1093 1076 1158 1140 500

120 1177 222 1241 Arbor
238 1179 299 1242 eris
314 1181 412 1262 certe,
411 1184 423 1222 ·'
438 1182 532 1263 dixit,
551 1190 651 1248 ‘mea
700 1185 834 1266 Semper
849 1181 1017 1246 habebunt

121 1283 173 1346 Τ5
188 1303 292 1363 coma,
309 1293 342 1346 te
357 1271 499 1367 cithara,
516 1299 548 1356 te
564 1301 691 1370 nostrae,
707 1289 805 1367 lanre,
822 1287 987 1370 pheretrae.

121 1387 178 1450 'Pu
193 1387 336 1458 ducibus
347 1391 450 1454 Latiis
464 1392 577 1470 atteris,
593 1393 671 1458 etim
686 1395 761 1458 laete
775 1393 974 1492 triumphum

120 1493 194 1556 Vox
208 1503 313 1576 canet,
329 1505 362 1558 et
377 1496 492 1580 longas
506 1499 612 1562 uiuent
625 1499 788 1583 Capitolia
802 1517 944 1593 pompm.

121 1599 844 1696 PostibusAugustiueudemfidissimucustos
1095 1601 1161 1664 505

120 1703 207 1764 Ante
222 1702 308 1766 sores
322 1707 432 1785 stabis,
449 1708 653 1788 mediumque
670 1709 800 1770 tuebere
816 1705 979 1805 quereum.

122 1807 231 1886 thue
246 1825 358 1870 meum
373 1811 511 1872 intonsis
526 1821 623 1890 caput
638 1820 687 1872 est
700 1809 845 1887 juvenile
853 1789 995 1895 capillis,

122 1909 179 1972 Tu
196 1909 321 1991 qubque
339 1905 534 1992 perpetuos
523 1931 648 1994 semper
663 1931 736 1992 gere
752 1907 874 1974 frondis
889 1909 1037 1970 honores
1040 1908 1048 1940 ’

167 2015 312 2080 Finierat
327 2015 434 2078 Paean.
482 2015 594 2079 Factis
608 2013 706 2078 morlb
721 2015 829 2076 larnea
842 2012 940 2076 ramis

121 2121 258 2200 Annuit,
275 2128 374 2202 utque
390 2131 488 2202 ceput
505 2122 575 2184 visa
589 2131 637 2184 est
652 2119 791 2208 ugritbsse
805 2125 973 2210 cacumen.
1094 2115 1160 2180 510
1250 2131 1257 2148 ·
1309 2123 1310 2132 ’

509 2395 543 2439 10
566 2397 630 2440 tun
654 2397 767 2441 Attene.

575 2535 705 2596 unua
798 2603 802 2612 ,
916 2538 922 2549 ’

123 2653 265 2720 Oentnrn
280 2653 460 2719 luminibus
474 2656 618 2719 eluctetur
633 2663 735 2737 ceput·
747 2654 853 2733 Argus
867 2651 1029 2730 babebat;

123 2758 204 2821 Inde
220 2758 287 2821 suis
301 2760 429 2822 vicibus
444 2759 612 2840 capiebant
628 2759 705 2820 birra
719 2758 873 2836 quietern,

123 2863 239 2924 (letera
253 2843 433 2940 servabant,
450 2872 545 2942 atque
561 2862 595 2924 in
611 2861 748 2924 statione
764 2860 946 2922 manebant.

124 2967 322 3030 Constiterat
332 2984 538 3047 quocumque
551 2965 661 3043 modo,
671 2965 836 3047 spectabat
852 2963 894 3025 ad
909 2965 946 3026 Io
960 2983 968 3044 ;

124 3074 211 3136 Ante
228 3071 339 3134 oeulos
355 3071 401 3149 Io,
418 3069 566 3150 quamvis
581 3089 721 3148 aversus,
738 3069 886 3131 habebat.
1097 3067 1163 3128 515

125 3176 215 3240 Luce
231 3176 306 3240 sinit
324 3174 428 3257 pasei;
452 3175 526 3237 clun
540 3173 589 3238 sol
605 3173 717 3237 tellure
733 3173 793 3236 sub
809 3173 875 3238 alti
889 3183 947 3253 eet,

125 3281 265 3360 clandit,
282 3291 315 3342 et
328 3277 658 3361 indigno'cireumd'at
674 3261 805 3342 vincula
819 3279 913 3342 colle.

126 3385 311 3448 Frondibns
326 3384 465 3447 arboreis
481 3385 637 3446 ecanae
652 3385 790 3465 pascitur
806 3383 914 3466 herbis,

126 3489 250 3570 Proque
267 3500 335 3553 toro
350 3500 440 3552 terrae
456 3507 523 3550 non
538 3507 662 3571 semper
677 3507 808 3569 gramen
824 3485 956 3551 habenti

127 3595 265 3656 Incubet
281 3593 404 3674 infelix,
421 3593 599 3676 limosaque
615 3593 751 3657 flumina
766 3603 862 3676 potat.
1098 3589 1164 3652 52⁰

127 3697 188 3760 1115
202 3699 300 3762 etiam
315 3699 451 3783 supplex
466 3702 553 3784 Argo
569 3697 646 3764 etim
663 3699 793 3763 bracltia
807 3696 906 3760 vellet
