2636 4178
116 188 180 253 140
398 209 516 260 ovms
538 209 856 262 umnuonruosns

114 367 202 430 Dure
219 364 411 444 Philoctete,
428 364 505 428 licet
521 384 694 444 exsecrere,
711 385 883 447 meumque

114 471 285 534 Devoveas
300 470 369 533 sine
385 469 450 533 fine
466 482 571 552 caput,
588 471 760 552 cupiasque
776 471 900 534 dolenti
1087 473 1153 540 330

113 574 168 639 Me
185 571 244 638 tibi
260 574 340 638 forte
357 575 434 654 dari,
451 585 657 655 nostrumque
675 575 799 638 haurire
815 596 981 658 cruorem;

115 679 167 743 'l'e
184 692 293 743 tamen
308 680 482 762 aggrediar,
501 698 691 758 mecumque
707 679 858 743 reducere
874 683 965 746 nitar.

116 785 265 866 Tamque
282 784 347 848 tuis
362 784 464 867 potiar
480 783 601 866 (faveat
618 784 778 872 Fortuna)
793 786 928 868 sagittis,

115 890 228 957 Quam
243 909 317 954 sum
333 889 504 968 Dardanio,
521 908 618 968 quem
634 889 715 972 cepi,
733 902 805 952 vate
822 891 942 972 potitus
952 913 960 972 ;

115 993 228 1062 Quem
242 1013 394 1076 responsa
408 993 504 1081 deirm
521 992 725 1074 Trojanaque
741 991 808 1056 fata
822 997 943 1076 retexi3
1087 998 1152 1062 335

115 1101 227 1168 Quam
243 1099 332 1181 rapui
348 1099 500 1180 Phrygiae
516 1099 645 1180 signum
662 1099 822 1180 penetrale
839 1099 994 1164 Minervae

116 1203 275 1266 Hostibus
291 1223 309 1265 e
325 1202 447 1266 mediis.
496 1202 540 1264 Et
556 1223 589 1292 se
607 1202 687 1267 mihi
702 1215 864 1286 comparat
880 1204 989 1285 Ajaxl

115 1308 239 1391 Nempe
255 1308 326 1390 capi
338 1306 473 1387 Trojam
489 1307 700 1390 prohibebant
715 1307 781 1370 iata
795 1310 864 1372 sine
881 1309 946 1374 illo.

116 1413 224 1476 Fortis
239 1413 297 1476 ubi
313 1423 361 1475 est
376 1410 470 1492 Ajax,
489 1412 544 1475 ubi
559 1422 634 1475 sunt
651 1412 797 1494 ingentia
811 1416 923 1496 magni

116 1517 222 1581 Verba
236 1519 296 1581 viri
310 1519 328 1587 i,
367 1519 433 1580 Gur
448 1517 500 1580 hic
517 1517 655 1580 metuis?
678 1537 735 1580 cur
750 1516 846 1581 audet
863 1519 976 1584 Ulixes
1088 1521 1154 1588 340

116 1625 166 1687 Ire
182 1643 237 1706 per
252 1624 414 1702 excubias,
431 1633 512 1685 etse
528 1622 728 1686 committere
744 1623 842 1702 nocti,

116 1728 239 1808 Perque
255 1727 339 1792 feros
354 1722 447 1790 enses
462 1748 527 1790 non
543 1725 669 1792 tantirm
685 1728 805 1790 moenia
820 1727 956 1809 Troum,

117 1832 237 1918 Verum
252 1834 349 1896 etiarn
366 1852 507 1895 summas
522 1852 610 1894 arces
626 1833 749 1910 intrare,
767 1833 886 1914 suique

118 1937 248 2020 Eripere
264 1938 333 2000 aede
349 1938 454 2014 deam,
470 1947 655 2018 raptamque
672 1937 781 2001 efferre
798 1958 852 2021 per
867 1938 990 2002 hostes?
1022 1999 1025 2002 ⁴

117 2043 204 2110 Quae
220 2043 282 2104 nisi
296 2041 455 2118 fecissem,
472 2040 587 2104 frustra
605 2041 784 2106 Telamone
801 2053 924 2106 creatus
1084 2042 1153 2106 345

118 2148 282 2210 Gestdsset
298 2145 381 2208 laevt
399 2157 560 2208 taurorum
577 2157 702 2228 tergora
716 2159 848 2230 septem.
878 2215 882 2226 ,

117 2252 178 2316 llrt
192 2264 286 2315 nocte
302 2253 384 2314 m'ihi
400 2249 508 2330 Trojae
526 2251 657 2314 victoria
673 2263 760 2333 parta
774 2263 832 2331 est,

117 2356 274 2440 Pergama
284 2371 362 2422 tunc
375 2356 448 2435 vici,
465 2356 538 2420 cirm
556 2357 643 2428 vinci
659 2377 749 2439 posse
766 2355 868 2439 coegi.

163 2462 283 2526 Desine
301 2461 456 2545 Tydiden
473 2461 627 2542 vultuque
644 2471 675 2524 et
693 2480 854 2525 murmure
870 2463 964 2528 nobis

118 2568 284 2631 Ostentare
302 2587 432 2630 meum:
458 2587 528 2650 pars
543 2579 591 2629 est
607 2587 666 2629 sua
681 2565 785 2631 laudis
801 2568 835 2631 in
852 2567 917 2632 illo.
1089 2567 1155 2630 350

117 2671 185 2736 Nec
202 2684 247 2752 tu,
264 2671 340 2736 crim
356 2672 443 2734 socii
458 2671 609 2753 clypeum
627 2691 681 2754 pro
697 2671 796 2736 classe
812 2675 954 2752 tenebas,
1160 2671 1164 2680 “

119 2779 216 2842 Solus
232 2798 321 2840 eras:
347 2778 405 2840 tibi
423 2778 515 2839 turba
529 2796 648 2854 comes,
666 2776 747 2840 mihi
763 2777 899 2860 contigit
917 2796 1009 2840 unus.
1113 2769 1119 2788 ¹

119 2883 198 2960 Qui,
215 2883 277 2944 nisi
293 2900 472 2963 pugnacem
489 2881 582 2943 sciret
599 2881 743 2962 sapiente
759 2883 915 2945 minorem

119 2988 210 3065 Esse,
228 3006 287 3048 nec
304 2985 469 3048 indomitae
485 2985 596 3048 deberi
611 2986 743 3067 praemia
758 2987 889 3065 dextrae,

119 3093 191 3184 lpse
208 3089 333 3172 quique
350 3091 420 3152 haec
437 3099 555 3172 peteret
570 3111 577 3169 ς
602 3100 723 3172 peteret
738 3089 930 3154 moderatior
945 3088 1030 3170 Ajex
1090 3089 1157 3154 35⁵

119 3197 371 3280 Eurypylusque
388 3193 478 3258 ferox
493 3194 641 3275 claroque
657 3195 863 3258 Andremone
879 3205 986 3274 natus,

118 3300 186 3364 Nec
203 3302 308 3365 mimis
324 3300 527 3379 Idomeneus,
544 3300 705 3382 patriique
721 3312 847 3363 creatus
861 3298 979 3364 eddam

119 3406 298 3486 Meriones;
322 3413 441 3490 peteret
458 3403 586 3484 majoris
601 3403 697 3468 frater
712 3405 843 3468 Atridae.

119 3510 250 3592 Quippe
268 3529 365 3572 manu
381 3509 479 3573 fortes
494 3512 570 3592 (nec
586 3521 662 3588 sunt
678 3510 738 3572 tibi
754 3510 855 3574 Marte
872 3508 1024 3595 secundi)

118 3614 270 3679 Consiliis
285 3615 407 3678 cessere
424 3615 513 3680 meis.
562 3614 641 3682 Tibi
656 3614 787 3678 dextera
803 3614 890 3678 bello
1092 3612 1159 3678 360
