2636 4178
410 243 555 303 urtam
577 245 624 306 ΟΕ
645 245 839 306 bOEDBUO
860 246 983 302 ΜΘΝ.

179 402 245 466 vix
261 421 314 464 me
330 400 487 478 continui,
500 401 591 480 quiri,
607 399 654 465 sic
669 400 790 468 laniata
803 401 946 485 capillos,

221 506 413 585 Clamarem,
431 504 545 568 ‘Meus
560 507 630 588 est,'
646 504 875 589 injiceremque
890 526 1015 574 merrus,

178 613 270 678 Laese
287 623 385 693 pater,
402 609 528 692 gaude3
552 609 676 692 Colchi,
693 611 980 696 gaudete,-relicti;

225 715 357 780 Inferias
373 717 495 780 umbrae
511 714 615 780 fratria
630 717 748 781 habete
763 717 849 782 mei!

183 823 324 898 Deseror,
340 821 466 884 amissis
481 841 580 904 reguo
596 820 760 904 patriique
774 821 946 906 domoque,

227 924 382 1007 Conjuge,
399 926 454 1006 qui
470 927 564 993 uobis
579 927 689 990 omnia
703 926 791 992 solus
805 937 882 992 erat.

182 1030 353 1112 Serpentes
369 1031 467 1112 igitur
482 1032 573 1114 potui
590 1042 759 1114 taurosque
774 1031 928 1115 furentes,

224 1137 334 1200 Unum
350 1155 415 1198 non
432 1136 521 1218 potui
539 1137 754 1218 perdomuisse
769 1138 898 1203 virum?

177 1242 329 1321 Quaeque
345 1239 428 1304 seros
443 1241 545 1324 repuli
559 1241 663 1305 doctis
679 1242 890 1308 medicatibus
906 1244 1008 1326 ignes,

221 1345 296 1408 Non
312 1346 404 1408 valeo
419 1345 565 1410 flammas
579 1347 720 1428 effugere
736 1347 806 1429 ipsa
819 1349 932 1412 meas?

180 1449 245 1532 Ipsi
260 1470 311 1512 me
328 1451 628 1532 cantus-herbaeque
644 1463 788 1533 artesque
804 1452 989 1534 relinquunt
1002 1474 1011 1535 ;

225 1553 276 1616 Nil
292 1555 361 1634 dea,
380 1555 423 1618 nil
440 1556 582 1621 Hecates
597 1575 685 1620 sacra
700 1557 840 1639 potentis
854 1558 981 1639 agunt?

182 1655 252 1720 Non
269 1660 349 1723 mihi
365 1671 454 1742 grata
469 1661 538 1724 dies
551 1681 559 1741 ;
583 1671 695 1724 noctes
709 1660 885 1743 vigilantur
898 1681 1024 1742 amarae,

224 1763 291 1826 Nec
307 1777 416 1828 teucro
432 1766 580 1830 miseram
596 1776 724 1848 pectore
740 1785 874 1831 somnus
888 1767 996 1830 habet.

180 1868 266 1937 Quae
282 1889 334 1932 me
350 1890 417 1934 non
433 1887 573 1952 possum,
590 1872 680 1954 potui
694 1871 797 1954 sopire
814 1869 986 1934 draconem
997 1891 1016 1951 ς’

224 1974 341 2037 Utilior
356 1975 460 2038 cuivis
476 1976 573 2057 quam
588 1976 669 2040 mihi
685 1996 762 2040 cura
777 1995 850 2040 mea
864 1986 923 2039 est.

177 2081 273 2152 ¹filum
288 2099 350 2162 ego
365 2081 500 2159 servavi,
517 2080 624 2161 pellex
638 2080 842 2164 amplectitur
856 2093 953 2163 artus,

224 2184 267 2247 Et
283 2185 382 2248 nostri
398 2183 521 2248 fructus
537 2185 593 2252 illa
607 2185 723 2250 laboris
738 2187 844 2250 habet.
932 2244 934 2248 .

179 2289 329 2353 Forsitan
343 2300 387 2368 ct,
403 2290 512 2354 stultae
527 2290 605 2354 dum
621 2301 652 2354 te
665 2290 787 2370 jactare¹
800 2291 923 2356 marita

224 2395 364 2474 Quaeris,
380 2405 412 2458 et
428 2392 556 2474 injustis
569 2396 700 2460 auribus
715 2389 789 2478 a'pta
803 2395 902 2477 loqui,

178 2499 217 2563 lu
234 2498 349 2562 faciem
366 2519 532 2580 moresque
548 2519 638 2564 meos
653 2500 888 2564 novacrimina
902 2499 1008 2582 fingis.
1151 2499 1216 2565 1⁷5

223 2603 351 2684 Rideat,
367 2615 400 2668 et
415 2605 503 2667 vitiis
518 2605 592 2668 laeta
605 2606 646 2670 sit
662 2605 717 2666 illa
732 2605 821 2668 meis.

178 2708 306 2788 Rideat,
323 2720 355 2772 et
371 2710 475 2791 Tyrio
483 2707 593 2788 ‘jaceat
608 2709 758 2773 sublimis
775 2709 808 2772 iu
824 2719 928 2773 ostro:

196 2826 201 2834 '
223 2814 341 2893 Flebit,
358 2825 390 2877 ct
405 2813 531 2882 ardores
546 2815 654 2879 vincet
669 2814 784 2878 adusta
799 2834 898 2878 meos.

178 2919 267 2984 Dum
282 2919 400 2983 ferrum
415 2919 617 2999 flammaeque
632 2919 766 2982 aderunt
782 2939 961 3002 succusque
976 2919 1105 3001 veneni,

223 3024 337 3087 Hostis
352 3024 476 3088 Medeae
492 3023 600 3086 nullus
616 3024 737 3088 inultus
752 3025 821 3088 erit.
1151 3022 1213 3086 180

179 3129 322 3198 Quodsi
337 3127 418 3190 sorte
434 3149 542 3211 preces
557 3129 728 3211 praecordia
744 3129 845 3194 ferrea
859 3139 1005 3212 tangunt,

222 3234 317 3296 Nunc
333 3233 449 3296 animis
464 3233 539 3296 audi
556 3234 654 3296 verba
667 3235 793 3297 minora
808 3235 898 3298 meis.

178 3337 266 3402 'Pam
282 3338 341 3401 tibi
357 3357 428 3400 sum
445 3338 590 3420 supplex,
606 3339 705 3418 quam
721 3350 756 3402 tu
773 3339 854 3403 milri
870 3359 954 3422 saepe
969 3337 1070 3420 suisti,

220 3441 289 3506 Neo
305 3461 410 3507 moror
424 3454 498 3504 ante
516 3454 587 3506 tuos
603 3444 808 3525 procubuisse
824 3443 930 3526 pedes.

178 3547 216 3612 si
231 3548 291 3611 tibi
307 3567 378 3610 sum
396 3547 478 3625 ville,
494 3567 685 3611 communes
700 3549 821 3631 respice
838 3560 946 3613 natos:
1150 3547 1213 3612 185

222 3652 344 3717 Saeviet
359 3653 393 3715 iu
409 3663 516 3736 pertus
532 3652 600 3715 dira
614 3673 751 3718 noverca
767 3673 864 3716 meos.
