2636 4178
601 253 700 303 BOOK
722 253 769 302 VI.
811 299 813 306 ,
913 291 916 296 ,

166 414 212 478 Ut
228 432 289 475 sua
303 409 490 492 progeniesr
515 419 548 471 et
563 407 750 472 felicissima
766 419 903 474 matrum

168 519 265 581 Dicta
279 515 361 578 foret
379 515 493 593 Niobe,
510 515 538 577 si
553 533 618 577 non
634 515 696 577 sibi
710 516 781 577 visa
795 514 918 579 fuisset.

172 622 252 686 Nam
268 633 337 684 sata
353 620 490 698 Tiresia,
506 618 635 681 venturi
651 621 791 702 praescia,
808 620 921 683 Manto
1168 619 1208 684 lo

177 727 234 790 Per
247 726 369 789 medias
384 724 497 804 fuerat,
514 724 625 786 divino
641 725 769 787 concita
784 735 886 804 motu,

178 831 352 895 Vaticinata
366 831 455 893 vias:
482 829 688 909 ‘Ismenides
706 831 749 892 ite
766 828 959 911 frequentes,
1025 857 1032 869 ‘

176 937 218 1000 Et
233 938 304 1001 date
322 936 466 1014 Latonae,
483 934 755 1016 Latonigenisque
771 935 907 1014 duobus,

173 1045 256 1108 Cum
273 1060 365 1125 prece
382 1051 453 1102 tura
468 1040 530 1122 piri,
547 1039 698 1121 lauroque
715 1041 868 1104 innectite
884 1041 1015 1104 crinem.

169 1149 231 1211 Ore
249 1166 323 1210 meo
339 1147 465 1209 Latona
476 1143 591 1224 jubet)
638 1144 779 1225 Paretur,
796 1156 828 1208 et
845 1166 958 1210 omnes
1169 1145 1210 1208 lt

169 1251 359 1316 Thebaides
372 1249 468 1329 jussis
485 1270 543 1312 sua
558 1261 700 1332 tempora
715 1249 881 1314 frondibus
897 1262 1021 1331 ornant,

171 1360 326 1437 Turaque
341 1356 418 1418 dant
434 1355 552 1418 sanctis
579 1367 612 1417 et
628 1357 725 1419 verba
740 1357 901 1438 precantia
926 1357 1073 1420 fiammis.

149 1531 151 1536 ,
220 1463 306 1524 Ecce
322 1461 409 1524 venit
425 1461 582 1523 comitum
597 1458 701 1522 Niobe
718 1461 924 1522 celeberrima
939 1461 1041 1540 turbt,

178 1567 326 1630 Vestibus
340 1567 463 1628 intexto
480 1565 633 1647 Phrygiis
648 1565 831 1647 spectabilis
846 1584 933 1643 aure,

180 1671 235 1749 Et,
252 1684 401 1752 quantum
417 1673 462 1733 ira
478 1673 564 1749 sinit,
580 1669 728 1748 formosa,
746 1689 944 1750 movensque
960 1669 1076 1732 decoro
1164 1670 1209 1734 20

176 1779 260 1840 Cum
275 1776 375 1858 capite
392 1777 553 1840 immissos
569 1775 740 1837 humerum
756 1793 811 1856 por
825 1786 997 1854 utrumque
1013 1773 1154 1858 capillos.

171 1881 325 1945 Constitit
339 1903 346 1960 ;
371 1885 469 1961 utque
486 1881 597 1942 oeulos
612 1880 809 1943 circumtulit
825 1880 891 1942 alta
905 1881 1069 1963 superbos,

170 1987 279 2056 ‘Quis
294 1986 381 2050 furor
396 1985 544 2064 auditos,'
562 1987 674 2066 inquit,
693 1993 893 2068 ‘praeponere
910 1986 987 2049 visis

170 2093 349 2156 Goelestes?
371 2091 426 2152 aut'
443 2111 498 2153 cur
514 2090 629 2153 colitur
644 2091 769 2154 Latona
785 2111 839 2172 per
854 2111 934 2170 aras,

170 2197 300 2261 Numen
312 2197 418 2274 adhuc
432 2198 500 2258 siue
517 2207 586 2258 ture
599 2215 707 2258 meum
724 2197 793 2258 est?
819 2195 902 2259 Mihi
916 2195 1076 2287 Tantalus
1087 2206 1208 2273 auctor,

169 2305 233 2366 Oui
249 2303 341 2366 licuit
358 2301 417 2364 soli
433 2321 617 2382 superorum
634 2313 763 2382 tangere
779 2320 906 2364 mensas
920 2322 927 2381 ;
1165 2301 1210 2364 26

170 2407 339 2471 Pleiadum
355 2427 441 2468 soror
454 2417 503 2467 est
519 2406 657 2486 genitrix
673 2425 763 2486 mea;
788 2405 949 2469 maximus
965 2406 1056 2470 Atlas

172 2513 233 2576 Est
250 2532 340 2590 avua,
358 2511 527 2574 aetherium
544 2511 601 2590 qui
616 2509 676 2572 fert
692 2510 872 2573 cervicibus
888 2530 1005 2590 axem3

169 2618 296 2698 Jupiter
311 2616 389 2678 alter
404 2636 505 2695 avus;
530 2635 639 2678 socero
655 2613 782 2694 quoque
799 2613 915 2696 glorior
931 2613 996 2676 illo.

170 2721 227 2785 Me
245 2733 356 2803 gentes
373 2733 522 2784 metuunt
540 2718 713 2802 Phrygiae;
738 2738 789 2792 me
805 2720 892 2800 regia
907 2717 1021 2782 Cadmi
1165 2717 1209 2782 30

173 2827 244 2890 Sub
261 2825 392 2890 domini
407 2837 478 2904 est;
505 2825 686 2911 fidibusque
703 2825 767 2888 mei
783 2825 955 2887 commissa
970 2823 1076 2888 mariti

170 2931 296 2995 Moenia
308 2952 384 2994 cum
402 2930 526 3014 populis
542 2951 562 2991 a
575 2950 691 3011 meque
708 2931 837 3010 viroque
853 2940 1014 3011 reguntur.
1065 2977 1068 2982 .

173 3039 212 3100 ln
228 3056 452 3118 quamcunque
469 3035 583 3098 domins
598 3035 730 3097 adverto
746 3034 871 3098 lumina
887 3045 1019 3118 partem,

174 3143 346 3206 Immensae
362 3153 546 3224 spectantur
562 3160 647 3221 opes.
694 3140 829 3203 Accedit
845 3139 959 3203 eodem

170 3247 282 3330 Digna
296 3247 365 3310 deae
381 3245 489 3310 facies.
504 3235 508 3242 ⁴
537 3246 613 3308 Huc
630 3256 720 3308 natas
735 3244 838 3325 adjice
853 3257 977 3327 septem
1166 3243 1210 3306 35

169 3353 217 3416 Et
234 3351 370 3414 totidem
384 3349 532 3432 juvenes,
549 3361 581 3414 et
597 3370 674 3413 mox
691 3370 888 3432 generosque
905 3343 1119 3442 nurusque(

168 3458 434 3534 Quaerite-nuno,
452 3457 569 3518 habeat
585 3475 683 3536 quarn
699 3467 805 3518 nostra
821 3456 968 3536 superbia
983 3449 1131 3519 causam!

167 3563 315 3642 Quoque
333 3561 428 3624 modo
444 3561 570 3624 audetis
586 3561 729 3642 genitam
746 3559 900 3622 Titanida
917 3561 995 3622 Coeo

166 3667 334 3734 latonam
350 3665 495 3751 praeferre
513 3667 604 3745 mihi,
621 3665 674 3730 cui
690 3666 834 3729 maxima
849 3666 1012 3747 quondam
