<?xml version="1.0" encoding="UTF-8"?>
<!DOCTYPE html PUBLIC "-//W3C//DTD XHTML 1.0 Transitional//EN"
    "http://www.w3.org/TR/xhtml1/DTD/xhtml1-transitional.dtd">
<html xmlns="http://www.w3.org/1999/xhtml" xml:lang="en" lang="en">
 <head>
  <title>
</title>
<meta http-equiv="Content-Type" content="text/html;charset=utf-8" />
  <meta name='ocr-system' content='tesseract 3.04.00' />
  <meta name='ocr-capabilities' content='ocr_page ocr_carea ocr_par ocr_line ocrx_word'/>
</head>
<body>
  <div class='ocr_page' id='page_1' title='image "./selectionsfromm00ovidgoog_0084.png"; bbox 0 0 2636 4178; ppageno 0'>
   <div class='ocr_carea' id='block_1_1' title="bbox 475 265 1175 341">
    <p class='ocr_par' dir='ltr' id='par_1_1' title="bbox 475 265 1175 341">
     <span class='ocr_line' id='line_1_1' title="bbox 475 265 1175 341; baseline -0.009 -5"><span class='ocrx_word' id='word_1_1' title='bbox 475 291 477 294; x_wconf 83' lang='lat'>&#39;</span> <span class='ocrx_word' id='word_1_2' title='bbox 578 287 679 341; x_wconf 83' lang='lat' dir='ltr'>BOOK</span> <span class='ocrx_word' id='word_1_3' title='bbox 699 287 733 338; x_wconf 86' lang='lat' dir='ltr'>V.</span> <span class='ocrx_word' id='word_1_4' title='bbox 1129 265 1175 330; x_wconf 79' lang='grc'>75</span> 
     </span>
    </p>
   </div>
   <div class='ocr_carea' id='block_1_2' title="bbox 125 441 1228 3784">
    <p class='ocr_par' dir='ltr' id='par_1_2' title="bbox 132 441 1174 1994">
     <span class='ocr_line' id='line_1_2' title="bbox 132 441 943 523; baseline -0.006 -12"><span class='ocrx_word' id='word_1_5' title='bbox 132 445 320 512; x_wconf 88' lang='lat' dir='ltr'>Collueraut</span> <span class='ocrx_word' id='word_1_6' title='bbox 336 441 452 523; x_wconf 89' lang='lat' dir='ltr'>sontes,</span> <span class='ocrx_word' id='word_1_7' title='bbox 468 441 544 507; x_wconf 86' lang='lat' dir='ltr'>cdm</span> <span class='ocrx_word' id='word_1_8' title='bbox 561 454 680 506; x_wconf 89' lang='lat' dir='ltr'>tectam</span> <span class='ocrx_word' id='word_1_9' title='bbox 695 443 845 506; x_wconf 83' lang='lat' dir='ltr'>stramine</span> <span class='ocrx_word' id='word_1_10' title='bbox 863 443 943 510; x_wconf 88' lang='lat' dir='ltr'>vidit</span> 
     </span>
     <span class='ocr_line' id='line_1_3' title="bbox 135 547 1174 630; baseline -0.001 -18"><span class='ocrx_word' id='word_1_11' title='bbox 135 553 231 612; x_wconf 77' lang='lat' dir='ltr'>Forte</span> <span class='ocrx_word' id='word_1_12' title='bbox 249 569 360 612; x_wconf 91' lang='lat' dir='ltr'>oasam</span> <span class='ocrx_word' id='word_1_13' title='bbox 379 568 551 629; x_wconf 87' lang='lat' dir='ltr'>parvasque</span> <span class='ocrx_word' id='word_1_14' title='bbox 568 549 651 611; x_wconf 87' lang='lat' dir='ltr'>fores</span> <span class='ocrx_word' id='word_1_15' title='bbox 667 547 815 630; x_wconf 86' lang='lat' dir='ltr'>pulsavit.</span> <span class='ocrx_word' id='word_1_16' title='bbox 862 550 905 610; x_wconf 87' lang='lat' dir='ltr'>At</span> <span class='ocrx_word' id='word_1_17' title='bbox 922 549 996 612; x_wconf 90' lang='lat' dir='ltr'>iude</span> <span class='ocrx_word' id='word_1_18' title='bbox 1108 549 1174 611; x_wconf 80' lang='lat'>285</span> 
     </span>
     <span class='ocr_line' id='line_1_4' title="bbox 141 649 1046 736; baseline -0.002 -18"><span class='ocrx_word' id='word_1_19' title='bbox 141 655 247 718; x_wconf 81' lang='lat' dir='ltr'>Prodit</span> <span class='ocrx_word' id='word_1_20' title='bbox 261 674 352 730; x_wconf 89' lang='lat' dir='ltr'>anns,</span> <span class='ocrx_word' id='word_1_21' title='bbox 370 653 542 734; x_wconf 88' lang='lat' dir='ltr'>divamque</span> <span class='ocrx_word' id='word_1_22' title='bbox 560 655 657 730; x_wconf 90' lang='lat' dir='ltr'>videt,</span> <span class='ocrx_word' id='word_1_23' title='bbox 674 649 905 735; x_wconf 81' lang='lat' dir='ltr'><strong>lymphamque</strong></span> <span class='ocrx_word' id='word_1_24' title='bbox 922 655 1046 736; x_wconf 84' lang='lat' dir='ltr'>roganti</span> 
     </span>
     <span class='ocr_line' id='line_1_5' title="bbox 145 758 951 840; baseline -0.001 -19"><span class='ocrx_word' id='word_1_25' title='bbox 145 761 242 822; x_wconf 85' lang='lat' dir='ltr'>Dulce</span> <span class='ocrx_word' id='word_1_26' title='bbox 258 759 356 835; x_wconf 84' lang='lat' dir='ltr'>dedit,</span> <span class='ocrx_word' id='word_1_27' title='bbox 375 759 459 822; x_wconf 71' lang='lat' dir='ltr'>tosta</span> <span class='ocrx_word' id='word_1_28' title='bbox 473 758 559 839; x_wconf 93' lang='lat' dir='ltr'>quod</span> <span class='ocrx_word' id='word_1_29' title='bbox 576 769 705 821; x_wconf 83' lang='lat' dir='ltr'>coxerat</span> <span class='ocrx_word' id='word_1_30' title='bbox 721 759 795 822; x_wconf 76' lang='lat' dir='ltr'>autb</span> <span class='ocrx_word' id='word_1_31' title='bbox 813 759 951 840; x_wconf 75' lang='lat' dir='ltr'>polenta.</span> 
     </span>
     <span class='ocr_line' id='line_1_6' title="bbox 145 863 961 946; baseline -0.005 -18"><span class='ocrx_word' id='word_1_32' title='bbox 145 865 227 928; x_wconf 88' lang='lat' dir='ltr'>Dnm</span> <span class='ocrx_word' id='word_1_33' title='bbox 243 865 323 926; x_wconf 86' lang='lat' dir='ltr'>bibit</span> <span class='ocrx_word' id='word_1_34' title='bbox 341 863 395 926; x_wconf 89' lang='lat' dir='ltr'>illa</span> <span class='ocrx_word' id='word_1_35' title='bbox 410 863 532 942; x_wconf 87' lang='lat' dir='ltr'>datum,</span> <span class='ocrx_word' id='word_1_36' title='bbox 549 864 620 926; x_wconf 92' lang='lat' dir='ltr'>duri</span> <span class='ocrx_word' id='word_1_37' title='bbox 637 884 714 946; x_wconf 88' lang='lat' dir='ltr'>puer</span> <span class='ocrx_word' id='word_1_38' title='bbox 730 863 791 926; x_wconf 88' lang='lat' dir='ltr'>oris</span> <span class='ocrx_word' id='word_1_39' title='bbox 807 874 840 926; x_wconf 88' lang='lat' dir='ltr'>et</span> <span class='ocrx_word' id='word_1_40' title='bbox 855 863 961 925; x_wconf 85' lang='lat' dir='ltr'>audax</span> 
     </span>
     <span class='ocr_line' id='line_1_7' title="bbox 143 967 1024 1048; baseline -0.002 -16"><span class='ocrx_word' id='word_1_41' title='bbox 143 969 290 1032; x_wconf 88' lang='lat' dir='ltr'>Constitit</span> <span class='ocrx_word' id='word_1_42' title='bbox 306 979 381 1030; x_wconf 89' lang='lat' dir='ltr'>ante</span> <span class='ocrx_word' id='word_1_43' title='bbox 397 967 502 1047; x_wconf 87' lang='lat' dir='ltr'>deam,</span> <span class='ocrx_word' id='word_1_44' title='bbox 519 969 661 1048; x_wconf 87' lang='lat' dir='ltr'>risitque,</span> <span class='ocrx_word' id='word_1_45' title='bbox 678 968 870 1048; x_wconf 81' lang='lat' dir='ltr'>avidamque</span> <span class='ocrx_word' id='word_1_46' title='bbox 887 968 1024 1030; x_wconf 85' lang='lat' dir='ltr'>vocavit.</span> 
     </span>
     <span class='ocr_line' id='line_1_8' title="bbox 140 1073 1174 1156; baseline 0 -20"><span class='ocrx_word' id='word_1_47' title='bbox 140 1074 267 1136; x_wconf 88' lang='lat' dir='ltr'>Offensa</span> <span class='ocrx_word' id='word_1_48' title='bbox 281 1083 340 1144; x_wconf 80' lang='lat' dir='ltr'>est,</span> <span class='ocrx_word' id='word_1_49' title='bbox 359 1093 461 1154; x_wconf 92' lang='lat' dir='ltr'>neque</span> <span class='ocrx_word' id='word_1_50' title='bbox 477 1074 583 1135; x_wconf 89' lang='lat' dir='ltr'>adhuc</span> <span class='ocrx_word' id='word_1_51' title='bbox 599 1073 694 1156; x_wconf 69' lang='lat' dir='ltr'>epoti</span> <span class='ocrx_word' id='word_1_52' title='bbox 710 1084 797 1154; x_wconf 88' lang='lat' dir='ltr'>parte</span> <span class='ocrx_word' id='word_1_53' title='bbox 814 1073 1000 1153; x_wconf 87' lang='lat' dir='ltr'>loquentem</span> <span class='ocrx_word' id='word_1_54' title='bbox 1108 1073 1174 1136; x_wconf 77' lang='lat'>290</span> 
     </span>
     <span class='ocr_line' id='line_1_9' title="bbox 135 1177 869 1260; baseline -0.003 -18"><span class='ocrx_word' id='word_1_55' title='bbox 135 1182 218 1243; x_wconf 88' lang='lat' dir='ltr'>Cum</span> <span class='ocrx_word' id='word_1_56' title='bbox 235 1179 359 1258; x_wconf 91' lang='lat' dir='ltr'>liquido</span> <span class='ocrx_word' id='word_1_57' title='bbox 369 1177 474 1240; x_wconf 69' lang='lat' dir='ltr'>mixti</span> <span class='ocrx_word' id='word_1_58' title='bbox 487 1177 624 1259; x_wconf 83' lang='lat' dir='ltr'>perfudit</span> <span class='ocrx_word' id='word_1_59' title='bbox 639 1179 715 1240; x_wconf 85' lang='lat' dir='ltr'>diva</span> <span class='ocrx_word' id='word_1_60' title='bbox 732 1179 869 1260; x_wconf 71' lang='lat' dir='ltr'>polenta.</span> 
     </span>
     <span class='ocr_line' id='line_1_10' title="bbox 134 1282 1040 1365; baseline -0.002 -17"><span class='ocrx_word' id='word_1_61' title='bbox 134 1285 301 1348; x_wconf 84' lang='lat' dir='ltr'>Combibit</span> <span class='ocrx_word' id='word_1_62' title='bbox 317 1303 352 1346; x_wconf 89' lang='lat' dir='ltr'>os</span> <span class='ocrx_word' id='word_1_63' title='bbox 368 1282 520 1361; x_wconf 87' lang='lat' dir='ltr'>maculas,</span> <span class='ocrx_word' id='word_1_64' title='bbox 537 1294 579 1362; x_wconf 89' lang='lat' dir='ltr'>et,</span> <span class='ocrx_word' id='word_1_65' title='bbox 596 1284 660 1362; x_wconf 76' lang='lat' dir='ltr'>qua</span> <span class='ocrx_word' id='word_1_66' title='bbox 675 1283 771 1345; x_wconf 87' lang='lat' dir='ltr'>modd</span> <span class='ocrx_word' id='word_1_67' title='bbox 789 1284 917 1346; x_wconf 88' lang='lat' dir='ltr'>brachia</span> <span class='ocrx_word' id='word_1_68' title='bbox 933 1284 1040 1365; x_wconf 86' lang='lat' dir='ltr'>gessit,</span> 
     </span>
     <span class='ocr_line' id='line_1_11' title="bbox 137 1387 999 1469; baseline -0.002 -17"><span class='ocrx_word' id='word_1_69' title='bbox 137 1392 237 1452; x_wconf 80' lang='lat' dir='ltr'>Crura</span> <span class='ocrx_word' id='word_1_70' title='bbox 252 1389 332 1469; x_wconf 89' lang='lat' dir='ltr'>gerit</span> <span class='ocrx_word' id='word_1_71' title='bbox 344 1410 350 1468; x_wconf 89' lang='lat'>;</span> <span class='ocrx_word' id='word_1_72' title='bbox 375 1387 478 1450; x_wconf 89' lang='lat' dir='ltr'>cauda</span> <span class='ocrx_word' id='word_1_73' title='bbox 492 1401 540 1450; x_wconf 85' lang='lat' dir='ltr'>est</span> <span class='ocrx_word' id='word_1_74' title='bbox 555 1388 688 1450; x_wconf 87' lang='lat' dir='ltr'>mutatis</span> <span class='ocrx_word' id='word_1_75' title='bbox 704 1387 813 1450; x_wconf 86' lang='lat' dir='ltr'>addita</span> <span class='ocrx_word' id='word_1_76' title='bbox 827 1389 980 1450; x_wconf 89' lang='lat' dir='ltr'>membris</span> <span class='ocrx_word' id='word_1_77' title='bbox 992 1410 999 1467; x_wconf 90' lang='lat'>;</span> 
     </span>
     <span class='ocr_line' id='line_1_12' title="bbox 141 1492 1029 1572; baseline -0.003 -16"><span class='ocrx_word' id='word_1_78' title='bbox 141 1494 243 1572; x_wconf 89' lang='lat' dir='ltr'>Inque</span> <span class='ocrx_word' id='word_1_79' title='bbox 258 1494 384 1554; x_wconf 88' lang='lat' dir='ltr'>brevem</span> <span class='ocrx_word' id='word_1_80' title='bbox 401 1492 546 1572; x_wconf 86' lang='lat' dir='ltr'>formam,</span> <span class='ocrx_word' id='word_1_81' title='bbox 564 1513 605 1554; x_wconf 91' lang='lat' dir='ltr'>ne</span> <span class='ocrx_word' id='word_1_82' title='bbox 622 1493 663 1554; x_wconf 88' lang='lat' dir='ltr'>sit</span> <span class='ocrx_word' id='word_1_83' title='bbox 680 1493 730 1554; x_wconf 85' lang='lat' dir='ltr'>vis</span> <span class='ocrx_word' id='word_1_84' title='bbox 746 1513 864 1572; x_wconf 89' lang='lat' dir='ltr'>magna</span> <span class='ocrx_word' id='word_1_85' title='bbox 879 1493 1029 1570; x_wconf 90' lang='lat' dir='ltr'>nocendi,</span> 
     </span>
     <span class='ocr_line' id='line_1_13' title="bbox 143 1597 1174 1680; baseline -0.002 -18"><span class='ocrx_word' id='word_1_86' title='bbox 143 1598 354 1676; x_wconf 89' lang='lat' dir='ltr'>Contrahitur,</span> <span class='ocrx_word' id='word_1_87' title='bbox 371 1598 530 1680; x_wconf 69' lang='lat' dir='ltr'>parvique</span> <span class='ocrx_word' id='word_1_88' title='bbox 546 1599 651 1660; x_wconf 91' lang='lat' dir='ltr'>minor</span> <span class='ocrx_word' id='word_1_89' title='bbox 667 1617 817 1660; x_wconf 88' lang='lat' dir='ltr'>mensura</span> <span class='ocrx_word' id='word_1_90' title='bbox 832 1597 950 1660; x_wconf 75' lang='lat' dir='ltr'>lacerta</span> <span class='ocrx_word' id='word_1_91' title='bbox 964 1607 1022 1658; x_wconf 85' lang='lat' dir='ltr'>est.</span> <span class='ocrx_word' id='word_1_92' title='bbox 1108 1599 1174 1660; x_wconf 79' lang='lat'>295</span> 
     </span>
     <span class='ocr_line' id='line_1_14' title="bbox 142 1702 1048 1784; baseline -0.001 -18"><span class='ocrx_word' id='word_1_93' title='bbox 142 1704 312 1766; x_wconf 82' lang='lat' dir='ltr'>Mirantem</span> <span class='ocrx_word' id='word_1_94' title='bbox 326 1702 517 1784; x_wconf 84' lang='lat' dir='ltr'>flentemque</span> <span class='ocrx_word' id='word_1_95' title='bbox 533 1714 565 1765; x_wconf 92' lang='lat' dir='ltr'>et</span> <span class='ocrx_word' id='word_1_96' title='bbox 582 1713 712 1783; x_wconf 89' lang='lat' dir='ltr'>tangere</span> <span class='ocrx_word' id='word_1_97' title='bbox 729 1712 870 1764; x_wconf 91' lang='lat' dir='ltr'>monstra</span> <span class='ocrx_word' id='word_1_98' title='bbox 886 1714 1048 1784; x_wconf 87' lang='lat' dir='ltr'>parantem</span> 
     </span>
     <span class='ocr_line' id='line_1_15' title="bbox 139 1807 1014 1892; baseline 0 -22"><span class='ocrx_word' id='word_1_99' title='bbox 139 1808 241 1888; x_wconf 79' lang='lat' dir='ltr'>Fugit</span> <span class='ocrx_word' id='word_1_100' title='bbox 256 1827 362 1886; x_wconf 89' lang='lat' dir='ltr'>anum,</span> <span class='ocrx_word' id='word_1_101' title='bbox 379 1808 597 1892; x_wconf 83' lang='lat' dir='ltr'>latebramque</span> <span class='ocrx_word' id='word_1_102' title='bbox 614 1807 704 1890; x_wconf 87' lang='lat' dir='ltr'>petit,</span> <span class='ocrx_word' id='word_1_103' title='bbox 721 1819 898 1888; x_wconf 88' lang='lat' dir='ltr'>aptumque</span> <span class='ocrx_word' id='word_1_104' title='bbox 915 1807 1014 1870; x_wconf 93' lang='lat' dir='ltr'>colori</span> 
     </span>
     <span class='ocr_line' id='line_1_16' title="bbox 132 1909 929 1994; baseline -0.003 -16"><span class='ocrx_word' id='word_1_105' title='bbox 132 1913 263 1978; x_wconf 86' lang='lat' dir='ltr'>Nomen</span> <span class='ocrx_word' id='word_1_106' title='bbox 279 1914 384 1992; x_wconf 89' lang='lat' dir='ltr'>habet,</span> <span class='ocrx_word' id='word_1_107' title='bbox 403 1914 497 1976; x_wconf 89' lang='lat' dir='ltr'>variis</span> <span class='ocrx_word' id='word_1_108' title='bbox 513 1913 659 1976; x_wconf 88' lang='lat' dir='ltr'>stellatus</span> <span class='ocrx_word' id='word_1_109' title='bbox 675 1933 805 1994; x_wconf 90' lang='lat' dir='ltr'>corpora</span> <span class='ocrx_word' id='word_1_110' title='bbox 820 1909 929 1994; x_wconf 79' lang='lat' dir='ltr'>guttis.</span> 
     </span>
    </p>

    <p class='ocr_par' dir='ltr' id='par_1_3' title="bbox 125 2014 1228 3784">
     <span class='ocr_line' id='line_1_17' title="bbox 178 2014 967 2100; baseline -0.001 -19"><span class='ocrx_word' id='word_1_111' title='bbox 178 2021 273 2088; x_wconf 79' lang='lat' dir='ltr'>Quas</span> <span class='ocrx_word' id='word_1_112' title='bbox 288 2019 351 2080; x_wconf 91' lang='lat' dir='ltr'>dea</span> <span class='ocrx_word' id='word_1_113' title='bbox 366 2014 420 2100; x_wconf 76' lang='lat' dir='ltr'>pe&#39;r</span> <span class='ocrx_word' id='word_1_114' title='bbox 436 2029 532 2081; x_wconf 87' lang='lat' dir='ltr'>terras</span> <span class='ocrx_word' id='word_1_115' title='bbox 548 2029 581 2080; x_wconf 90' lang='lat' dir='ltr'>et</span> <span class='ocrx_word' id='word_1_116' title='bbox 596 2037 674 2098; x_wconf 87' lang='lat' dir='ltr'>quas</span> <span class='ocrx_word' id='word_1_117' title='bbox 690 2020 839 2081; x_wconf 87' lang='lat' dir='ltr'>erraverit</span> <span class='ocrx_word' id='word_1_118' title='bbox 856 2019 967 2098; x_wconf 87' lang='lat' dir='ltr'>undas,</span> 
     </span>
     <span class='ocr_line' id='line_1_18' title="bbox 138 2123 1176 2204; baseline 0.001 -19"><span class='ocrx_word' id='word_1_119' title='bbox 138 2123 248 2187; x_wconf 87' lang='lat' dir='ltr'>Dicere</span> <span class='ocrx_word' id='word_1_120' title='bbox 265 2123 365 2204; x_wconf 88' lang='lat' dir='ltr'>longa</span> <span class='ocrx_word' id='word_1_121' title='bbox 380 2145 468 2186; x_wconf 89' lang='lat' dir='ltr'>mora</span> <span class='ocrx_word' id='word_1_122' title='bbox 483 2135 553 2187; x_wconf 86' lang='lat' dir='ltr'>est:</span> <span class='ocrx_word' id='word_1_123' title='bbox 580 2124 734 2204; x_wconf 83' lang='lat' dir='ltr'>quaerenti</span> <span class='ocrx_word' id='word_1_124' title='bbox 750 2123 854 2187; x_wconf 83' lang='lat' dir='ltr'>defuit</span> <span class='ocrx_word' id='word_1_125' title='bbox 869 2125 963 2187; x_wconf 89' lang='lat' dir='ltr'>orbis.</span> <span class='ocrx_word' id='word_1_126' title='bbox 1111 2123 1176 2186; x_wconf 85' lang='lat'>300</span> 
     </span>
     <span class='ocr_line' id='line_1_19' title="bbox 138 2229 988 2310; baseline 0 -19"><span class='ocrx_word' id='word_1_127' title='bbox 138 2229 300 2292; x_wconf 85' lang='lat' dir='ltr'>Sicaniam</span> <span class='ocrx_word' id='word_1_128' title='bbox 319 2230 442 2310; x_wconf 88' lang='lat' dir='ltr'>repetit,</span> <span class='ocrx_word' id='word_1_129' title='bbox 459 2230 600 2309; x_wconf 88' lang='lat' dir='ltr'>dumque</span> <span class='ocrx_word' id='word_1_130' title='bbox 617 2231 731 2292; x_wconf 90' lang='lat' dir='ltr'>omnia.</span> <span class='ocrx_word' id='word_1_131' title='bbox 742 2229 853 2291; x_wconf 89' lang='lat' dir='ltr'>lustrat</span> <span class='ocrx_word' id='word_1_132' title='bbox 869 2230 988 2309; x_wconf 91' lang='lat' dir='ltr'>eundo,</span> 
     </span>
     <span class='ocr_line' id='line_1_20' title="bbox 133 2333 938 2415; baseline -0.001 -18"><span class='ocrx_word' id='word_1_133' title='bbox 133 2333 231 2397; x_wconf 80' lang='lat' dir='ltr'>Venit</span> <span class='ocrx_word' id='word_1_134' title='bbox 246 2344 280 2396; x_wconf 92' lang='lat' dir='ltr'>et</span> <span class='ocrx_word' id='word_1_135' title='bbox 296 2334 338 2396; x_wconf 92' lang='lat' dir='ltr'>ad</span> <span class='ocrx_word' id='word_1_136' title='bbox 354 2335 497 2415; x_wconf 81' lang='lat' dir='ltr'>Cyanen.</span> <span class='ocrx_word' id='word_1_137' title='bbox 546 2333 606 2412; x_wconf 88' lang='lat' dir='ltr'>Ea,</span> <span class='ocrx_word' id='word_1_138' title='bbox 625 2335 657 2396; x_wconf 93' lang='lat' dir='ltr'>ni</span> <span class='ocrx_word' id='word_1_139' title='bbox 676 2346 799 2396; x_wconf 87' lang='lat' dir='ltr'>mutata</span> <span class='ocrx_word' id='word_1_140' title='bbox 814 2333 938 2412; x_wconf 84' lang='lat' dir='ltr'>fuisset,</span> 
     </span>
     <span class='ocr_line' id='line_1_21' title="bbox 133 2437 942 2519; baseline 0 -19"><span class='ocrx_word' id='word_1_141' title='bbox 133 2439 254 2500; x_wconf 88' lang='lat' dir='ltr'>Omnia</span> <span class='ocrx_word' id='word_1_142' title='bbox 270 2437 446 2518; x_wconf 74' lang='lat' dir='ltr'>narrdsset5</span> <span class='ocrx_word' id='word_1_143' title='bbox 470 2439 525 2500; x_wconf 90' lang='lat' dir='ltr'>sed</span> <span class='ocrx_word' id='word_1_144' title='bbox 542 2450 574 2501; x_wconf 88' lang='lat' dir='ltr'>et</span> <span class='ocrx_word' id='word_1_145' title='bbox 591 2459 627 2501; x_wconf 92' lang='lat' dir='ltr'>os</span> <span class='ocrx_word' id='word_1_146' title='bbox 641 2449 674 2501; x_wconf 89' lang='lat' dir='ltr'>et</span> <span class='ocrx_word' id='word_1_147' title='bbox 690 2440 803 2519; x_wconf 90' lang='lat' dir='ltr'>lingua</span> <span class='ocrx_word' id='word_1_148' title='bbox 819 2439 942 2500; x_wconf 82' lang='lat' dir='ltr'>veienti</span> 
     </span>
     <span class='ocr_line' id='line_1_22' title="bbox 135 2543 1051 2624; baseline -0.001 -18"><span class='ocrx_word' id='word_1_149' title='bbox 135 2544 252 2606; x_wconf 90' lang='lat' dir='ltr'>Dicere</span> <span class='ocrx_word' id='word_1_150' title='bbox 270 2564 335 2605; x_wconf 91' lang='lat' dir='ltr'>non</span> <span class='ocrx_word' id='word_1_151' title='bbox 351 2543 479 2605; x_wconf 90' lang='lat' dir='ltr'>aderant</span> <span class='ocrx_word' id='word_1_152' title='bbox 495 2565 502 2622; x_wconf 88' lang='lat'>;</span> <span class='ocrx_word' id='word_1_153' title='bbox 527 2563 597 2622; x_wconf 92' lang='lat' dir='ltr'>uec,</span> <span class='ocrx_word' id='word_1_154' title='bbox 615 2563 679 2624; x_wconf 95' lang='lat' dir='ltr'>quo</span> <span class='ocrx_word' id='word_1_155' title='bbox 696 2544 887 2622; x_wconf 88' lang='lat' dir='ltr'>loqueretur,</span> <span class='ocrx_word' id='word_1_156' title='bbox 904 2543 1051 2605; x_wconf 86' lang='lat' dir='ltr'>habebat.</span> 
     </span>
     <span class='ocr_line' id='line_1_23' title="bbox 135 2635 1228 2732; baseline 0 -22"><span class='ocrx_word' id='word_1_157' title='bbox 135 2647 238 2732; x_wconf 84' lang='lat' dir='ltr'>Signa</span> <span class='ocrx_word' id='word_1_158' title='bbox 255 2660 364 2711; x_wconf 89' lang='lat' dir='ltr'>tamen</span> <span class='ocrx_word' id='word_1_159' title='bbox 382 2647 551 2710; x_wconf 85' lang='lat' dir='ltr'>manifesta</span> <span class='ocrx_word' id='word_1_160' title='bbox 560 2635 654 2711; x_wconf 73' lang='lat' dir='ltr'>dedit</span> <span class='ocrx_word' id='word_1_161' title='bbox 669 2661 856 2726; x_wconf 56' lang='lat' dir='ltr'>‘notamque</span> <span class='ocrx_word' id='word_1_162' title='bbox 874 2649 1005 2730; x_wconf 87' lang='lat' dir='ltr'>parenti,</span> <span class='ocrx_word' id='word_1_163' title='bbox 1112 2647 1177 2710; x_wconf 84' lang='lat'>305</span> <span class='ocrx_word' id='word_1_164' title='bbox 1226 2727 1228 2730; x_wconf 16' lang='grc' dir='ltr'>Ι</span> 
     </span>
     <span class='ocr_line' id='line_1_24' title="bbox 131 2753 858 2836; baseline -0.004 -19"><span class='ocrx_word' id='word_1_165' title='bbox 131 2755 195 2818; x_wconf 93' lang='lat' dir='ltr'>Illo</span> <span class='ocrx_word' id='word_1_166' title='bbox 213 2754 295 2818; x_wconf 74' lang='lat' dir='ltr'>forte</span> <span class='ocrx_word' id='word_1_167' title='bbox 311 2754 383 2816; x_wconf 93' lang='lat' dir='ltr'>loco</span> <span class='ocrx_word' id='word_1_168' title='bbox 399 2753 559 2834; x_wconf 87' lang='lat' dir='ltr'>delapsam</span> <span class='ocrx_word' id='word_1_169' title='bbox 577 2755 610 2816; x_wconf 92' lang='lat' dir='ltr'>iu</span> <span class='ocrx_word' id='word_1_170' title='bbox 627 2754 753 2836; x_wconf 86' lang='lat' dir='ltr'>gurgite</span> <span class='ocrx_word' id='word_1_171' title='bbox 770 2773 858 2815; x_wconf 90' lang='lat' dir='ltr'>sacro</span> 
     </span>
     <span class='ocr_line' id='line_1_25' title="bbox 131 2857 968 2941; baseline -0.001 -20"><span class='ocrx_word' id='word_1_172' title='bbox 131 2859 358 2941; x_wconf 89' lang='lat' dir='ltr'>Persephones</span> <span class='ocrx_word' id='word_1_173' title='bbox 374 2878 490 2920; x_wconf 89' lang='lat' dir='ltr'>zonam</span> <span class='ocrx_word' id='word_1_174' title='bbox 506 2861 642 2922; x_wconf 79' lang='lat' dir='ltr'>srrmrnis</span> <span class='ocrx_word' id='word_1_175' title='bbox 657 2859 799 2922; x_wconf 88' lang='lat' dir='ltr'>ostendit</span> <span class='ocrx_word' id='word_1_176' title='bbox 814 2858 848 2920; x_wconf 93' lang='lat' dir='ltr'>in</span> <span class='ocrx_word' id='word_1_177' title='bbox 864 2857 968 2922; x_wconf 88' lang='lat' dir='ltr'>undis.</span> 
     </span>
     <span class='ocr_line' id='line_1_26' title="bbox 133 2964 1075 3048; baseline 0.004 -23"><span class='ocrx_word' id='word_1_178' title='bbox 133 2967 249 3033; x_wconf 78' lang='lat' dir='ltr'>Quam</span> <span class='ocrx_word' id='word_1_179' title='bbox 267 2964 363 3026; x_wconf 89' lang='lat' dir='ltr'>simul</span> <span class='ocrx_word' id='word_1_180' title='bbox 379 2965 523 3045; x_wconf 89' lang='lat' dir='ltr'>agnovit,</span> <span class='ocrx_word' id='word_1_181' title='bbox 541 2975 695 3045; x_wconf 87' lang='lat' dir='ltr'>tanquam</span> <span class='ocrx_word' id='word_1_182' title='bbox 711 2976 782 3027; x_wconf 89' lang='lat' dir='ltr'>tum</span> <span class='ocrx_word' id='word_1_183' title='bbox 798 2965 935 3044; x_wconf 88' lang='lat' dir='ltr'>denique</span> <span class='ocrx_word' id='word_1_184' title='bbox 952 2974 1075 3048; x_wconf 87' lang='lat' dir='ltr'>raptam</span> 
     </span>
     <span class='ocr_line' id='line_1_27' title="bbox 134 3069 936 3152; baseline 0.002 -22"><span class='ocrx_word' id='word_1_185' title='bbox 134 3069 269 3147; x_wconf 86' lang='lat' dir='ltr'>Seisset,</span> <span class='ocrx_word' id='word_1_186' title='bbox 288 3070 449 3131; x_wconf 89' lang='lat' dir='ltr'>inornatos</span> <span class='ocrx_word' id='word_1_187' title='bbox 465 3069 597 3132; x_wconf 88' lang='lat' dir='ltr'>laniavit</span> <span class='ocrx_word' id='word_1_188' title='bbox 614 3069 690 3132; x_wconf 88' lang='lat' dir='ltr'>diva</span> <span class='ocrx_word' id='word_1_189' title='bbox 704 3070 846 3152; x_wconf 74' lang='lat' dir='ltr'>capillos,</span> <span class='ocrx_word' id='word_1_190' title='bbox 933 3071 936 3078; x_wconf 88' lang='lat'>&#39;</span> 
     </span>
     <span class='ocr_line' id='line_1_28' title="bbox 133 3173 1176 3258; baseline 0.002 -22"><span class='ocrx_word' id='word_1_191' title='bbox 133 3175 176 3236; x_wconf 90' lang='lat' dir='ltr'>Et</span> <span class='ocrx_word' id='word_1_192' title='bbox 196 3176 332 3257; x_wconf 87' lang='lat' dir='ltr'>repetita</span> <span class='ocrx_word' id='word_1_193' title='bbox 348 3176 415 3236; x_wconf 88' lang='lat' dir='ltr'>suis</span> <span class='ocrx_word' id='word_1_194' title='bbox 430 3176 584 3256; x_wconf 86' lang='lat' dir='ltr'>percussit</span> <span class='ocrx_word' id='word_1_195' title='bbox 601 3186 729 3258; x_wconf 85' lang='lat' dir='ltr'>pectora</span> <span class='ocrx_word' id='word_1_196' title='bbox 744 3175 867 3258; x_wconf 78' lang='lat' dir='ltr'>palmis,</span> <span class='ocrx_word' id='word_1_197' title='bbox 1056 3173 1058 3178; x_wconf 78' lang='grc'><strong>’</strong></span> <span class='ocrx_word' id='word_1_198' title='bbox 1111 3174 1176 3238; x_wconf 89' lang='grc'>310</span> 
     </span>
     <span class='ocr_line' id='line_1_29' title="bbox 128 3279 1078 3362; baseline 0 -20"><span class='ocrx_word' id='word_1_199' title='bbox 128 3279 246 3343; x_wconf 86' lang='lat' dir='ltr'>Nescit</span> <span class='ocrx_word' id='word_1_200' title='bbox 263 3279 381 3357; x_wconf 74' lang='lat' dir='ltr'>adhue,</span> <span class='ocrx_word' id='word_1_201' title='bbox 400 3281 454 3342; x_wconf 89' lang='lat' dir='ltr'>ubi</span> <span class='ocrx_word' id='word_1_202' title='bbox 471 3280 511 3342; x_wconf 89' lang='lat' dir='ltr'>sit</span> <span class='ocrx_word' id='word_1_203' title='bbox 526 3301 533 3360; x_wconf 91' lang='lat'>;</span> <span class='ocrx_word' id='word_1_204' title='bbox 559 3291 656 3343; x_wconf 88' lang='lat' dir='ltr'>terras</span> <span class='ocrx_word' id='word_1_205' title='bbox 672 3293 780 3344; x_wconf 88' lang='lat' dir='ltr'>tamen</span> <span class='ocrx_word' id='word_1_206' title='bbox 797 3281 939 3362; x_wconf 88' lang='lat' dir='ltr'>increpat</span> <span class='ocrx_word' id='word_1_207' title='bbox 955 3301 1078 3361; x_wconf 86' lang='lat' dir='ltr'>omnes,</span> 
     </span>
     <span class='ocr_line' id='line_1_30' title="bbox 126 3384 981 3468; baseline -0.005 -18"><span class='ocrx_word' id='word_1_208' title='bbox 126 3387 346 3468; x_wconf 80' lang='lat' dir='ltr'>ingratasque</span> <span class='ocrx_word' id='word_1_209' title='bbox 363 3397 458 3448; x_wconf 86' lang='lat' dir='ltr'>vocat</span> <span class='ocrx_word' id='word_1_210' title='bbox 486 3405 544 3448; x_wconf 85' lang='lat' dir='ltr'>uec</span> <span class='ocrx_word' id='word_1_211' title='bbox 561 3384 691 3467; x_wconf 82' lang='lat' dir='ltr'>frugum</span> <span class='ocrx_word' id='word_1_212' title='bbox 709 3405 841 3448; x_wconf 88' lang='lat' dir='ltr'>munere</span> <span class='ocrx_word' id='word_1_213' title='bbox 857 3385 981 3466; x_wconf 89' lang='lat' dir='ltr'>dignas,</span> 
     </span>
     <span class='ocr_line' id='line_1_31' title="bbox 125 3490 944 3572; baseline -0.001 -19"><span class='ocrx_word' id='word_1_214' title='bbox 125 3491 340 3554; x_wconf 84' lang='lat' dir='ltr'>Trinacriam</span> <span class='ocrx_word' id='word_1_215' title='bbox 357 3502 432 3553; x_wconf 89' lang='lat' dir='ltr'>ante</span> <span class='ocrx_word' id='word_1_216' title='bbox 448 3491 536 3570; x_wconf 86' lang='lat' dir='ltr'>alias,</span> <span class='ocrx_word' id='word_1_217' title='bbox 555 3493 587 3554; x_wconf 94' lang='lat' dir='ltr'>in</span> <span class='ocrx_word' id='word_1_218' title='bbox 603 3491 667 3571; x_wconf 74' lang='lat' dir='ltr'>qud</span> <span class='ocrx_word' id='word_1_219' title='bbox 682 3491 820 3572; x_wconf 90' lang='lat' dir='ltr'>vestigia</span> <span class='ocrx_word' id='word_1_220' title='bbox 834 3490 944 3552; x_wconf 90' lang='lat' dir='ltr'>damni</span> 
     </span>
     <span class='ocr_line' id='line_1_32' title="bbox 126 3594 903 3679; baseline -0.004 -21"><span class='ocrx_word' id='word_1_221' title='bbox 126 3596 182 3658; x_wconf 87' lang='lat' dir='ltr'>Re</span> <span class='ocrx_word' id='word_1_222' title='bbox 189 3597 280 3679; x_wconf 89' lang='lat' dir='ltr'>perit.</span> <span class='ocrx_word' id='word_1_223' title='bbox 330 3595 416 3677; x_wconf 87' lang='lat' dir='ltr'>Ergo</span> <span class='ocrx_word' id='word_1_224' title='bbox 433 3596 498 3659; x_wconf 90' lang='lat' dir='ltr'>illic</span> <span class='ocrx_word' id='word_1_225' title='bbox 515 3596 602 3659; x_wconf 72' lang='lat' dir='ltr'>saevb</span> <span class='ocrx_word' id='word_1_226' title='bbox 619 3594 776 3658; x_wconf 85' lang='lat' dir='ltr'>vertentia</span> <span class='ocrx_word' id='word_1_227' title='bbox 792 3594 903 3675; x_wconf 90' lang='lat' dir='ltr'>glebas</span> 
     </span>
     <span class='ocr_line' id='line_1_33' title="bbox 127 3698 1179 3784; baseline -0.005 -19"><span class='ocrx_word' id='word_1_228' title='bbox 127 3703 251 3784; x_wconf 87' lang='lat' dir='ltr'>Fregit</span> <span class='ocrx_word' id='word_1_229' title='bbox 267 3714 368 3763; x_wconf 88' lang='lat' dir='ltr'>aratra</span> <span class='ocrx_word' id='word_1_230' title='bbox 384 3721 504 3782; x_wconf 84' lang='lat' dir='ltr'>mauu;</span> <span class='ocrx_word' id='word_1_231' title='bbox 528 3701 681 3783; x_wconf 87' lang='lat' dir='ltr'>parilique</span> <span class='ocrx_word' id='word_1_232' title='bbox 699 3699 778 3762; x_wconf 88' lang='lat' dir='ltr'>irata</span> <span class='ocrx_word' id='word_1_233' title='bbox 792 3699 925 3764; x_wconf 90' lang='lat' dir='ltr'>colonos</span> <span class='ocrx_word' id='word_1_234' title='bbox 1114 3698 1179 3760; x_wconf 84' lang='lat'>315</span> 
     </span>
    </p>
   </div>
   <div class='ocr_carea' id='block_1_3' title="bbox 0 0 1322 4178">
    <p class='ocr_par' dir='ltr' id='par_1_4' title="bbox 0 0 1322 4178">
     <span class='ocr_line' id='line_1_34' title="bbox 0 0 1322 4178; baseline 0 0"><span class='ocrx_word' id='word_1_235' title='bbox 0 0 1322 4178; x_wconf 95' lang='lat' dir='ltr'> </span> 
     </span>
    </p>
   </div>
  </div>
 </body>
</html>
