2646 4176
91 289 133 354 18
378 307 496 359 ornos
516 308 840 364 usruuonruosns.

87 465 263 548 Corycidas
278 464 441 548 nymphas
455 474 487 528 et
504 465 641 528 numine
651 465 775 532 montis
789 463 910 546 adoret,

87 571 335 650 Fatidicamque
352 569 510 650 Themin,
517 575 598 650 vquse
614 580 693 632 tunc
710 563 816 636 oracla
830 571 973 656 tenebat

85 676 160 738 Nou
175 676 231 738 illo
246 675 360 740 melior
375 675 546 756 quisquam
560 693 620 736 nec
636 674 795 738 amantior
810 677 896 756 aequi

17 833 30 868 ,·
86 778 142 842 Vir
157 779 228 859 fuit,
245 791 301 843 eut
317 779 373 843 ills
387 777 582 844 metuentior
598 778 664 840 ulla
678 777 821 842 deorum.
853 843 856 852 ,

85 885 210 967 Jupiter
226 895 261 947 ut
276 883 407 966 liquidis
422 894 569 964 stagnare
585 880 757 964 paludibus
773 884 893 965 orbem,

87 990 131 1052 Et
147 1009 310 1072 superesse
326 989 415 1052 videt
431 987 472 1048 de
489 996 536 1049 tot
551 987 651 1052 modd
665 987 810 1050 millibus
825 1009 940 1070 unum,

87 1095 131 1156 Et
147 1114 310 1176 superesse
326 1093 415 1156 videt
430 1091 471 1154 de
486 1101 535 1154 tot
550 1089 648 1154 modi
662 1092 806 1156 millibus
816 1075 932 1174 unam,

86 1200 249 1260 Innocuos
263 1198 384 1276 ambos,
400 1196 541 1259 cultores
556 1195 700 1260 numinis
715 1198 838 1274 ambos,

85 1303 205 1366 Nubila
219 1299 345 1382 disjecit
360 1301 544 1380 nimbisque
557 1300 721 1382 ¹Aquilone
738 1302 880 1384 remotiS,

87 1407 131 1469 Et
147 1406 229 1469 coelo
244 1417 342 1472 terras
358 1406 498 1468 ostendit
513 1415 546 1468 et
561 1405 682 1468 aethere
696 1407 795 1470 terris.

85 1512 152 1574 Nec
168 1495 266 1575 meris
281 1510 329 1574 ira
342 1521 472 1591 mnnet3
497 1509 665 1593 positoque
682 1511 855 1595 tricuspide
872 1513 947 1592 telo,

86 1616 209 1679 Mulcet
224 1636 323 1696 eques
337 1627 440 1680 rector
455 1616 562 1698 pelagi
575 1637 584 1696 ;
609 1626 766 1699 supraque
782 1601 980 1700 profundum

86 1721 280 1784 Exstantem
291 1725 391 1802 ‘atque
407 1722 560 1784 humeros
575 1722 687 1782 innato
704 1721 826 1784 murice
843 1733 965 1784 tectum

85 1825 269 1888 Oaeruleum
287 1825 427 1885 Tritone
440 1834 545 1899 vocat,
561 1823 759 1900 conchaeque
775 1824 903 1884 sonanti

85 1930 242 2010 Inspirere
254 1907 357 2006 jubet,
372 1926 556 2004 fluctusque
573 1935 605 1986 et
620 1924 757 1986 flumine
772 1925 865 2004 signo
952 2005 955 2010 Ι

84 2035 158 2096 Jam
173 2051 320 2094 revocure
337 2031 421 2107 datp.
469 2030 558 2091 Cava
572 2028 710 2090 buccina
725 2028 863 2090 sumitur
878 2027 926 2091 illi
1058 2027 1123 2090 335

86 2137 230 2216 Tortilis,
248 2137 281 2198 in
297 2135 401 2198 letum
417 2153 489 2215 quae
506 2131 633 2196 turbine
650 2133 763 2195 crescit
780 2133 820 2197 ab
837 2133 915 2214 imo,

85 2242 239 2319 Buccine,
256 2259 329 2320 quae
345 2238 452 2301 medio
468 2237 616 2320 concepit
633 2237 689 2300 ubi
704 2239 778 2300 aera
792 2248 901 2320 ponto,

84 2347 210 2409 Littora
223 2364 303 2407 voce
319 2343 419 2426 replet
435 2345 495 2409 sub
512 2352 646 2424 utroque
659 2339 802 2422 jacentia
817 2342 951 2406 Phoebo.

54 2523 60 2536 ι
85 2451 184 2514 Tunc
200 2448 337 2530 quique,
355 2459 391 2513 ut
407 2468 461 2511 ore
475 2446 529 2511 dei
544 2447 675 2512 mauide
689 2447 827 2512 rorantia
842 2447 941 2512 berbi

85 2555 239 2637 Contigit,
256 2566 288 2618 et
303 2556 423 2618 cecinit
434 2552 542 2634 jussos
557 2553 668 2616 inflate
683 2573 836 2632 recessus,

86 2660 245 2723 Omnibus
260 2661 372 2724 auditu
387 2670 435 2722 est
451 2659 577 2723 telluris
592 2667 624 2720 et
640 2658 777 2738 aequoris
793 2656 900 2736 undis,

85 2765 129 2826 Et
146 2765 264 2845 quibus
278 2778 328 2827 est
344 2765 440 2828 undis
455 2763 575 2840 audite,
593 2762 735 2824 coercuit
751 2781 874 2824 omnes.
966 2815 971 2823 .

127 2869 200 2932 Jem
217 2888 302 2932 mere
318 2869 411 2930 littus
427 2867 535 2944 hebet,
553 2864 666 2946 plenos
682 2864 767 2946 cepit
783 2864 896 2927 alveus
910 2882 1032 2943 amnes,

85 2974 241 3037 Flumine
257 2971 440 3049 subsidunt,
457 2970 619 3050 collesque
636 2968 724 3030 exire
740 2968 911 3048 videntum

86 3078 197 3160 Surgit
212 3077 353 3156 humus;
377 3085 524 3156 crescunt
540 3075 612 3138 loca
626 3071 887 3136 decrescentibus
904 3071 1011 3152 undis,
1058 3069 1124 3133 345

85 3184 225 3262 Postque
241 3181 328 3244 diem
343 3181 474 3262 longam
490 3179 612 3242 nudata
626 3179 798 3268 cacumine
812 3178 903 3242 silvae

86 3287 279 3366 Ostendunt,
296 3274 475 3390 limumque
492 3295 603 3350 tenent
620 3283 655 3346 in
670 3279 783 3348 fronde
799 3283 957 3348 relictum.

201 3391 223 3426 0
