2646 4176
608 239 708 290 soon
727 241 786 294 m..
1171 221 1215 288 49

167 391 375 459 Iamdudum
391 391 522 457 flebam.
569 393 745 476 Lacrymas
759 413 874 460 manus
890 395 988 479 impia
1003 407 1126 462 nostras
1148 397 1214 462 240

171 501 283 578 Ridet,
301 509 335 562 et
351 494 745 582 impellit‘propcrantibus
759 518 888 580 aequora
902 503 1008 566 remis.

96 622 103 630 ·
178 605 240 668 Per
255 605 314 668 tibi
329 624 417 668 nunc
435 605 541 686 ipsum
555 605 631 688 (nec
647 606 735 669 enim
751 607 936 688 praeseutior
952 607 1007 670 illo

181 710 240 772 Est
255 710 351 795 dens)
367 707 489 788 adjuro,
506 720 572 772 tam
588 731 640 774 me
657 711 717 774 tibi
732 731 807 774 vera
824 711 948 790 referre,

13 801 15 858 l
180 815 289 884 Quam
305 815 373 876 veri
389 813 511 894 majora
525 815 611 878 lide:
635 817 722 878 stetit
737 835 863 898 aequore
880 819 994 900 puppis

178 920 276 984 Haud
291 919 394 998 aliter,
411 921 507 1000 quam
523 920 689 984 sisiacum
705 921 819 984 navale
836 933 970 987 teneret.
1147 923 1215 990 245

175 1026 226 1089 Illi
243 1025 439 1088 admirantes
455 1044 613 1088 remorum
630 1026 663 1088 iu
679 1025 810 1089 verbere
820 1039 977 1110 perstant,

172 1117 318 1211 Velaque
335 1128 509 1208 deducunt,
526 1129 718 1211 geminaque
735 1151 794 1213 ope
811 1152 934 1197 currere
951 1144 1086 1198 tentant.

93 1304 97 1312 ,
173 1235 363 1318 Impediunt
379 1233 504 1298 hederae
521 1255 634 1314 remos,
650 1242 800 1317 nexuque
816 1257 949 1301 recurvo

134 1327 139 1334 ’
175 1341 330 1421 Scrpunt,
347 1349 379 1401 et
395 1339 534 1420 gravidis
549 1340 747 1422 distringunt
762 1341 836 1406 vela
850 1344 1023 1425 corymbis.

178 1447 264 1526 lpse,
279 1443 470 1508 racemiferis
485 1443 623 1508 frontem
636 1447 856 1531 circumdatus
871 1448 954 1527 uvis,
1146 1451 1213 1514 260

184 1549 362 1630 Pampineis
376 1549 477 1630 agitat
495 1549 631 1612 velatam
649 1547 818 1613 frondibus
834 1551 981 1632 hastam3

185 1655 295 1724 Quem
310 1655 389 1716 circa
405 1655 511 1736 tigres,
528 1654 762 1735 simulacraque
779 1654 889 1718 inania
904 1655 1050 1737 lyncum,

179 1759 402 1839 Pictorumque
415 1758 524 1838 jacent
539 1758 606 1824 sere
621 1779 752 1842 corpora
768 1761 1003 1842 pantherarum,

221 1864 394 1928 Exsiluere
411 1865 480 1944 viri,
497 1868 566 1927 sive
581 1865 644 1929 hoc
662 1865 787 1928 insania
801 1865 886 1946 fecit,

175 1970 256 2033 Siva
271 1970 383 2033 timor:
409 1971 588 2052 primusque
605 1970 725 2034 Medon
740 1971 919 2054 nigrescere
935 1973 1043 2055 pinnis
1146 1974 1214 2038 255

174 2075 314 2157 Corpore
331 2074 488 2157 depresso,
503 2084 535 2136 et
551 2075 651 2157 spinae
667 2078 852 2140 curvamine
868 2077 957 2141 flecti

175 2181 303 2264 Incipit.
352 2181 438 2242 Huic
458 2180 616 2261 Lycabas,
642 2187 660 2219 “
674 2183 714 2244 ln
729 2201 800 2262 quaa
817 2183 1003 2262 miracula‚’'
1020 2184 1113 2264 dixit,

175 2293 196 2325 “
206 2285 367 2350 Verteris?
380 2288 397 2318 '²
414 2296 448 2356 et
463 2285 519 2346 lati
535 2285 634 2360 rictus
649 2297 681 2349 et
697 2287 802 2368 panda
817 2288 962 2367 loquenti

172 2390 267 2453 Naris
282 2403 359 2468 erat,
376 2403 603 2470 squamamque
620 2391 705 2456 cutis
719 2389 833 2455 durata
849 2393 1003 2455 trahebat.

173 2498 218 2559 At
235 2491 351 2576 Libya
364 2496 528 2560 obstantes
543 2496 620 2558 dum
636 2497 708 2558 vnlt
725 2498 889 2559 obvertere
905 2517 1019 2577 remos,
1146 2499 1212 2563 260

173 2603 211 2664 In
229 2603 368 2682 spatium
384 2601 502 2672 resilire
518 2621 634 2664 manus
650 2601 745 2662 breve
763 2601 855 2677 vidit,
871 2611 903 2662 et
920 2601 991 2662 illas

171 2707 247 2768 lam
262 2725 329 2768 non
344 2726 412 2770 esse
430 2726 554 2784 manus,
566 2704 765 2787 jampinnas
782 2725 873 2787 posse
888 2707 1005 2770 vocari.

173 2811 264 2874 Alter
279 2809 320 2872 ad
336 2811 470 2873 intortos
486 2812 619 2892 cupiens
634 2810 709 2894 darc
726 2810 857 2874 brachia
871 2809 976 2891 funos,

173 2915 311 2978 Brachia
328 2935 392 2978 oon
407 2916 531 2994 habuit,
549 2928 727 2996 truncoque
743 2916 902 3000 repandus
919 2917 951 2980 in
968 2914 1072 2982 undas

171 3021 311 3102 Corpore
328 3019 466 3084 desiluit.
513 3021 646 3084 Falcata
661 3022 835 3084 novissima
851 3022 954 3084 cauda
968 3034 1027 3102 est,
1143 3024 1212 3088 265

171 3125 297 3192 Qualia
310 3125 453 3196 dimidiae
469 3127 638 3188 sinuantur
653 3145 773 3190 cornua
788 3128 884 3189 luuae.

172 3229 325 3309 Undique
340 3231 418 3292 dant
434 3229 544 3309 saltus,
561 3229 727 3312 multaque
743 3231 931 3314 adspergine
948 3242 1065 3312 rorant,

172 3335 422 3418 Emerguutqne-
435 3337 561 3414 iterum5
578 3336 773 3418 redeuntque
790 3338 850 3400 sub
867 3356 996 3415 aequora
1011 3356 1128 3417 rursus,

171 3442 274 3522 Inque
290 3441 382 3506 clrori
395 3439 512 3506 ludunt
529 3442 678 3523 speeiem,
695 3442 878 3523 lascivaque
891 3439 1015 3520 jactant
1309 3521 1310 3532 ἵ

170 3549 322 3630 Corpora,
337 3557 373 3609 at
385 3557 552 3628 acceptum
570 3547 687 3630 patulis
702 3566 788 3611 mere
804 3547 935 3610 naribus
951 3548 1070 3612 afflant.
1144 3546 1211 3611 27⁰
1240 3598 1242 3602 ,
1309 3581 1310 3619 t

169 3645 222 3716 Da
237 3650 336 3715 modb
350 3651 469 3733 viginti
485 3651 548 3731 (tot
564 3652 651 3728 enirn
668 3653 743 3716 ratis
756 3652 814 3732 ⁸illa
829 3651 967 3738 ferebat)
1309 3649 1310 3658 ’

480 3777 501 3820 ὓ
