<?xml version="1.0" encoding="UTF-8"?>
<!DOCTYPE html PUBLIC "-//W3C//DTD XHTML 1.0 Transitional//EN"
    "http://www.w3.org/TR/xhtml1/DTD/xhtml1-transitional.dtd">
<html xmlns="http://www.w3.org/1999/xhtml" xml:lang="en" lang="en">
 <head>
  <title>
</title>
<meta http-equiv="Content-Type" content="text/html;charset=utf-8" />
  <meta name='ocr-system' content='tesseract 3.04.00' />
  <meta name='ocr-capabilities' content='ocr_page ocr_carea ocr_par ocr_line ocrx_word'/>
</head>
<body>
  <div class='ocr_page' id='page_1' title='image "./selectionsfromm00ovidgoog_0017.png"; bbox 0 0 2646 4176; ppageno 0'>
   <div class='ocr_carea' id='block_1_1' title="bbox 132 297 881 376">
    <p class='ocr_par' dir='ltr' id='par_1_1' title="bbox 132 297 881 376">
     <span class='ocr_line' id='line_1_1' title="bbox 132 297 881 376; baseline 0.021 -16"><span class='ocrx_word' id='word_1_1' title='bbox 132 297 153 360; x_wconf 83' lang='lat'><em>8</em></span> <span class='ocrx_word' id='word_1_2' title='bbox 417 321 535 373; x_wconf 85' lang='lat' dir='ltr'><strong>ovms</strong></span> <span class='ocrx_word' id='word_1_3' title='bbox 557 323 881 376; x_wconf 70' lang='lat' dir='ltr'><strong>maneaenosus</strong></span> 
     </span>
    </p>
   </div>
   <div class='ocr_carea' id='block_1_2' title="bbox 131 471 1011 984">
    <p class='ocr_par' dir='ltr' id='par_1_2' title="bbox 134 471 850 560">
     <span class='ocr_line' id='line_1_2' title="bbox 134 471 850 560; baseline 0.011 -25"><span class='ocrx_word' id='word_1_4' title='bbox 134 471 189 536; x_wconf 81' lang='lat' dir='ltr'><strong>sie</strong></span> <span class='ocrx_word' id='word_1_5' title='bbox 206 484 273 536; x_wconf 88' lang='lat' dir='ltr'><strong>crat</strong></span> <span class='ocrx_word' id='word_1_6' title='bbox 289 475 447 540; x_wconf 89' lang='lat' dir='ltr'><strong>instabilis</strong></span> <span class='ocrx_word' id='word_1_7' title='bbox 463 476 569 558; x_wconf 87' lang='lat' dir='ltr'><strong>tellus,</strong></span> <span class='ocrx_word' id='word_1_8' title='bbox 586 478 738 544; x_wconf 87' lang='lat' dir='ltr'><strong>innabilis</strong></span> <span class='ocrx_word' id='word_1_9' title='bbox 752 481 850 560; x_wconf 90' lang='lat' dir='ltr'><strong>unda,</strong></span> 
     </span>
    </p>

    <p class='ocr_par' dir='ltr' id='par_1_3' title="bbox 131 578 1011 984">
     <span class='ocr_line' id='line_1_3' title="bbox 131 578 903 666; baseline 0.012 -26"><span class='ocrx_word' id='word_1_10' title='bbox 131 578 230 642; x_wconf 88' lang='lat' dir='ltr'><strong>Lucis</strong></span> <span class='ocrx_word' id='word_1_11' title='bbox 245 599 344 660; x_wconf 82' lang='lat' dir='ltr'><strong>egeus</strong></span> <span class='ocrx_word' id='word_1_12' title='bbox 359 584 431 644; x_wconf 73' lang='lat' dir='ltr'><strong>air:</strong></span> <span class='ocrx_word' id='word_1_13' title='bbox 455 583 537 646; x_wconf 95' lang='lat' dir='ltr'><strong>nulli</strong></span> <span class='ocrx_word' id='word_1_14' title='bbox 551 603 612 646; x_wconf 88' lang='lat' dir='ltr'><strong>sua</strong></span> <span class='ocrx_word' id='word_1_15' title='bbox 626 582 729 648; x_wconf 85' lang='lat' dir='ltr'><strong>forma</strong></span> <span class='ocrx_word' id='word_1_16' title='bbox 742 587 903 666; x_wconf 80' lang='lat' dir='ltr'><strong>manebat,</strong></span> 
     </span>
     <span class='ocr_line' id='line_1_4' title="bbox 132 683 921 772; baseline 0.013 -28"><span class='ocrx_word' id='word_1_17' title='bbox 132 683 351 765; x_wconf 86' lang='lat' dir='ltr'><strong>Obstabatque</strong></span> <span class='ocrx_word' id='word_1_18' title='bbox 366 686 438 749; x_wconf 92' lang='lat' dir='ltr'><strong>aliis</strong></span> <span class='ocrx_word' id='word_1_19' title='bbox 453 687 551 766; x_wconf 90' lang='lat' dir='ltr'><strong>aliud,</strong></span> <span class='ocrx_word' id='word_1_20' title='bbox 568 688 645 768; x_wconf 91' lang='lat' dir='ltr'><strong>quia</strong></span> <span class='ocrx_word' id='word_1_21' title='bbox 659 710 789 772; x_wconf 87' lang='lat' dir='ltr'><strong>corpore</strong></span> <span class='ocrx_word' id='word_1_22' title='bbox 805 692 839 753; x_wconf 91' lang='lat' dir='ltr'><strong>in</strong></span> <span class='ocrx_word' id='word_1_23' title='bbox 855 711 921 754; x_wconf 92' lang='lat' dir='ltr'><strong>uno</strong></span> 
     </span>
     <span class='ocr_line' id='line_1_5' title="bbox 134 789 909 875; baseline 0.013 -26"><span class='ocrx_word' id='word_1_24' title='bbox 134 789 267 869; x_wconf 85' lang='lat' dir='ltr'><strong>Frigida</strong></span> <span class='ocrx_word' id='word_1_25' title='bbox 281 792 469 872; x_wconf 84' lang='lat' dir='ltr'><strong>pugnabant</strong></span> <span class='ocrx_word' id='word_1_26' title='bbox 484 793 606 872; x_wconf 82' lang='lat' dir='ltr'><strong>calidis,</strong></span> <span class='ocrx_word' id='word_1_27' title='bbox 623 795 793 857; x_wconf 83' lang='lat' dir='ltr'><strong>humentia</strong></span> <span class='ocrx_word' id='word_1_28' title='bbox 806 795 909 875; x_wconf 89' lang='lat' dir='ltr'><strong>siccis,</strong></span> 
     </span>
     <span class='ocr_line' id='line_1_6' title="bbox 132 893 1011 984; baseline 0.01 -28"><span class='ocrx_word' id='word_1_29' title='bbox 132 893 246 956; x_wconf 90' lang='lat' dir='ltr'><strong>Mollia</strong></span> <span class='ocrx_word' id='word_1_30' title='bbox 259 914 336 958; x_wconf 91' lang='lat' dir='ltr'><strong>cum</strong></span> <span class='ocrx_word' id='word_1_31' title='bbox 352 895 448 976; x_wconf 91' lang='lat' dir='ltr'><strong>duris,</strong></span> <span class='ocrx_word' id='word_1_32' title='bbox 465 897 534 960; x_wconf 86' lang='lat' dir='ltr'><strong>sine</strong></span> <span class='ocrx_word' id='word_1_33' title='bbox 550 898 690 980; x_wconf 87' lang='lat' dir='ltr'><strong>pondere</strong></span> <span class='ocrx_word' id='word_1_34' title='bbox 706 899 861 963; x_wconf 79' lang='lat' dir='ltr'><strong>habentia</strong></span> <span class='ocrx_word' id='word_1_35' title='bbox 875 901 1011 984; x_wconf 88' lang='lat' dir='ltr'><strong>pondus.</strong></span> 
     </span>
    </p>
   </div>
   <div class='ocr_carea' id='block_1_3' title="bbox 564 1179 735 1222">
    <p class='ocr_par' dir='ltr' id='par_1_4' title="bbox 564 1179 735 1222">
     <span class='ocr_line' id='line_1_7' title="bbox 564 1179 735 1222; baseline -0.012 0"><span class='ocrx_word' id='word_1_36' title='bbox 564 1179 735 1222; x_wconf 77' lang='lat' dir='ltr'><strong>cusmort.</strong></span> 
     </span>
    </p>
   </div>
   <div class='ocr_carea' id='block_1_4' title="bbox 130 1308 1039 3815">
    <p class='ocr_par' dir='ltr' id='par_1_5' title="bbox 130 1308 1039 3815">
     <span class='ocr_line' id='line_1_8' title="bbox 176 1308 960 1394; baseline 0.01 -23"><span class='ocrx_word' id='word_1_37' title='bbox 176 1308 271 1373; x_wconf 89' lang='lat' dir='ltr'><strong>Hauc</strong></span> <span class='ocrx_word' id='word_1_38' title='bbox 288 1311 379 1374; x_wconf 90' lang='lat' dir='ltr'><strong>Deus</strong></span> <span class='ocrx_word' id='word_1_39' title='bbox 393 1323 426 1374; x_wconf 89' lang='lat' dir='ltr'><strong>et</strong></span> <span class='ocrx_word' id='word_1_40' title='bbox 442 1311 554 1375; x_wconf 89' lang='lat' dir='ltr'><strong>melior</strong></span> <span class='ocrx_word' id='word_1_41' title='bbox 569 1312 661 1376; x_wconf 87' lang='lat' dir='ltr'><strong>litem</strong></span> <span class='ocrx_word' id='word_1_42' title='bbox 676 1314 797 1376; x_wconf 90' lang='lat' dir='ltr'><strong>Natura</strong></span> <span class='ocrx_word' id='word_1_43' title='bbox 812 1314 960 1394; x_wconf 75' lang='lat' dir='ltr'><strong>diremit:</strong></span> 
     </span>
     <span class='ocr_line' id='line_1_9' title="bbox 131 1413 864 1500; baseline 0.011 -25"><span class='ocrx_word' id='word_1_44' title='bbox 131 1413 215 1476; x_wconf 87' lang='lat' dir='ltr'><strong>Nam</strong></span> <span class='ocrx_word' id='word_1_45' title='bbox 231 1416 313 1478; x_wconf 85' lang='lat' dir='ltr'><strong>coelo</strong></span> <span class='ocrx_word' id='word_1_46' title='bbox 330 1427 427 1480; x_wconf 90' lang='lat' dir='ltr'><strong>terras</strong></span> <span class='ocrx_word' id='word_1_47' title='bbox 442 1428 475 1479; x_wconf 90' lang='lat' dir='ltr'><strong>et</strong></span> <span class='ocrx_word' id='word_1_48' title='bbox 491 1417 582 1481; x_wconf 87' lang='lat' dir='ltr'><strong>terris</strong></span> <span class='ocrx_word' id='word_1_49' title='bbox 597 1417 734 1481; x_wconf 78' lang='lat' dir='ltr'><strong>abscidit</strong></span> <span class='ocrx_word' id='word_1_50' title='bbox 750 1420 864 1500; x_wconf 89' lang='lat' dir='ltr'><strong>undas,</strong></span> 
     </span>
     <span class='ocr_line' id='line_1_10' title="bbox 132 1515 907 1605; baseline 0.013 -26"><span class='ocrx_word' id='word_1_51' title='bbox 132 1515 176 1580; x_wconf 84' lang='lat' dir='ltr'><strong>Et</strong></span> <span class='ocrx_word' id='word_1_52' title='bbox 192 1519 349 1600; x_wconf 87' lang='lat' dir='ltr'><strong>liquidum</strong></span> <span class='ocrx_word' id='word_1_53' title='bbox 367 1522 467 1605; x_wconf 92' lang='lat' dir='ltr'><strong>spisso</strong></span> <span class='ocrx_word' id='word_1_54' title='bbox 482 1524 618 1587; x_wconf 88' lang='lat' dir='ltr'><strong>secrevit</strong></span> <span class='ocrx_word' id='word_1_55' title='bbox 634 1524 674 1586; x_wconf 93' lang='lat' dir='ltr'><strong>ab</strong></span> <span class='ocrx_word' id='word_1_56' title='bbox 690 1526 762 1587; x_wconf 89' lang='lat' dir='ltr'><strong>a&#39;e&#39;re</strong></span> <span class='ocrx_word' id='word_1_57' title='bbox 778 1525 907 1589; x_wconf 87' lang='lat' dir='ltr'><strong>coelum.</strong></span> 
     </span>
     <span class='ocr_line' id='line_1_11' title="bbox 130 1623 997 1712; baseline 0.006 -21"><span class='ocrx_word' id='word_1_58' title='bbox 130 1623 218 1691; x_wconf 76' lang='lat' dir='ltr'><strong>Quae</strong></span> <span class='ocrx_word' id='word_1_59' title='bbox 236 1639 404 1709; x_wconf 85' lang='lat' dir='ltr'><strong>postquam</strong></span> <span class='ocrx_word' id='word_1_60' title='bbox 420 1629 552 1708; x_wconf 88' lang='lat' dir='ltr'><strong>evolvit,</strong></span> <span class='ocrx_word' id='word_1_61' title='bbox 568 1649 718 1711; x_wconf 71' lang='lat' dir='ltr'><strong>caecoque</strong></span> <span class='ocrx_word' id='word_1_62' title='bbox 734 1633 856 1696; x_wconf 85' lang='lat' dir='ltr'><strong>exemit</strong></span> <span class='ocrx_word' id='word_1_63' title='bbox 872 1651 997 1712; x_wconf 87' lang='lat' dir='ltr'><strong>acervo,</strong></span> 
     </span>
     <span class='ocr_line' id='line_1_12' title="bbox 132 1729 800 1816; baseline 0.009 -25"><span class='ocrx_word' id='word_1_64' title='bbox 132 1729 311 1794; x_wconf 89' lang='lat' dir='ltr'><strong>Dissociata</strong></span> <span class='ocrx_word' id='word_1_65' title='bbox 326 1733 405 1796; x_wconf 90' lang='lat' dir='ltr'><strong>locis</strong></span> <span class='ocrx_word' id='word_1_66' title='bbox 416 1735 568 1796; x_wconf 84' lang='lat' dir='ltr'><strong>concordi</strong></span> <span class='ocrx_word' id='word_1_67' title='bbox 585 1755 662 1816; x_wconf 88' lang='lat' dir='ltr'><strong>pace</strong></span> <span class='ocrx_word' id='word_1_68' title='bbox 678 1736 800 1816; x_wconf 86' lang='lat' dir='ltr'><strong>ligavit.</strong></span> 
     </span>
     <span class='ocr_line' id='line_1_13' title="bbox 131 1836 833 1920; baseline 0.003 -22"><span class='ocrx_word' id='word_1_69' title='bbox 131 1836 233 1915; x_wconf 86' lang='lat' dir='ltr'><strong>Ignea</strong></span> <span class='ocrx_word' id='word_1_70' title='bbox 247 1838 387 1899; x_wconf 88' lang='lat' dir='ltr'><strong>convexi</strong></span> <span class='ocrx_word' id='word_1_71' title='bbox 402 1839 500 1899; x_wconf 88' lang='lat' dir='ltr'><strong>viset</strong></span> <span class='ocrx_word' id='word_1_72' title='bbox 515 1839 585 1899; x_wconf 92' lang='lat' dir='ltr'><strong>siue</strong></span> <span class='ocrx_word' id='word_1_73' title='bbox 603 1838 742 1920; x_wconf 90' lang='lat' dir='ltr'><strong>pondere</strong></span> <span class='ocrx_word' id='word_1_74' title='bbox 758 1839 833 1900; x_wconf 84' lang='lat' dir='ltr'><strong>coeli</strong></span> 
     </span>
     <span class='ocr_line' id='line_1_14' title="bbox 133 1941 935 2022; baseline 0.005 -21"><span class='ocrx_word' id='word_1_75' title='bbox 133 1941 286 2020; x_wconf 87' lang='lat' dir='ltr'><strong>Emicuit,</strong></span> <span class='ocrx_word' id='word_1_76' title='bbox 304 1942 493 2022; x_wconf 72' lang='lat' dir='ltr'><strong>summique</strong></span> <span class='ocrx_word' id='word_1_77' title='bbox 509 1941 618 2004; x_wconf 92' lang='lat' dir='ltr'><strong>locum</strong></span> <span class='ocrx_word' id='word_1_78' title='bbox 635 1942 697 2004; x_wconf 90' lang='lat' dir='ltr'><strong>sibi</strong></span> <span class='ocrx_word' id='word_1_79' title='bbox 712 1941 790 2022; x_wconf 87' lang='lat' dir='ltr'><strong>legit</strong></span> <span class='ocrx_word' id='word_1_80' title='bbox 805 1942 839 2003; x_wconf 93' lang='lat' dir='ltr'><strong>in</strong></span> <span class='ocrx_word' id='word_1_81' title='bbox 855 1961 935 2005; x_wconf 91' lang='lat' dir='ltr'><strong>arce.</strong></span> 
     </span>
     <span class='ocr_line' id='line_1_15' title="bbox 131 2045 813 2126; baseline 0.003 -20"><span class='ocrx_word' id='word_1_82' title='bbox 131 2045 302 2109; x_wconf 83' lang='lat' dir='ltr'><strong>Proximus</strong></span> <span class='ocrx_word' id='word_1_83' title='bbox 315 2056 364 2108; x_wconf 91' lang='lat' dir='ltr'><strong>est</strong></span> <span class='ocrx_word' id='word_1_84' title='bbox 380 2048 433 2109; x_wconf 71' lang='lat' dir='ltr'><strong>adr</strong></span> <span class='ocrx_word' id='word_1_85' title='bbox 448 2046 496 2109; x_wconf 93' lang='lat' dir='ltr'><strong>illi</strong></span> <span class='ocrx_word' id='word_1_86' title='bbox 510 2047 641 2109; x_wconf 87' lang='lat' dir='ltr'><strong>levitate</strong></span> <span class='ocrx_word' id='word_1_87' title='bbox 657 2045 791 2126; x_wconf 91' lang='lat' dir='ltr'><strong>locoque</strong></span> <span class='ocrx_word' id='word_1_88' title='bbox 805 2067 813 2125; x_wconf 91' lang='lat'>;</span> 
     </span>
     <span class='ocr_line' id='line_1_16' title="bbox 132 2150 967 2234; baseline 0.002 -21"><span class='ocrx_word' id='word_1_89' title='bbox 132 2150 270 2214; x_wconf 87' lang='lat' dir='ltr'><strong>Densior</strong></span> <span class='ocrx_word' id='word_1_90' title='bbox 285 2153 337 2215; x_wconf 91' lang='lat' dir='ltr'><strong>his</strong></span> <span class='ocrx_word' id='word_1_91' title='bbox 352 2150 457 2229; x_wconf 88' lang='lat' dir='ltr'><strong>tellus,</strong></span> <span class='ocrx_word' id='word_1_92' title='bbox 473 2151 697 2233; x_wconf 84' lang='lat' dir='ltr'><strong>elementaque</strong></span> <span class='ocrx_word' id='word_1_93' title='bbox 714 2151 846 2234; x_wconf 88' lang='lat' dir='ltr'><strong>grandia</strong></span> <span class='ocrx_word' id='word_1_94' title='bbox 861 2153 967 2232; x_wconf 86' lang='lat' dir='ltr'><strong>traxit,</strong></span> 
     </span>
     <span class='ocr_line' id='line_1_17' title="bbox 134 2257 980 2339; baseline 0.004 -20"><span class='ocrx_word' id='word_1_95' title='bbox 134 2258 177 2319; x_wconf 89' lang='lat' dir='ltr'><strong>Et</strong></span> <span class='ocrx_word' id='word_1_96' title='bbox 194 2277 300 2339; x_wconf 88' lang='lat' dir='ltr'><strong>pressa</strong></span> <span class='ocrx_word' id='word_1_97' title='bbox 314 2268 362 2320; x_wconf 90' lang='lat' dir='ltr'><strong>est</strong></span> <span class='ocrx_word' id='word_1_98' title='bbox 379 2257 532 2338; x_wconf 85' lang='lat' dir='ltr'><strong>gravitate</strong></span> <span class='ocrx_word' id='word_1_99' title='bbox 549 2257 600 2320; x_wconf 92' lang='lat' dir='ltr'><strong>sui</strong></span> <span class='ocrx_word' id='word_1_100' title='bbox 610 2279 618 2338; x_wconf 88' lang='lat'>;</span> <span class='ocrx_word' id='word_1_101' title='bbox 641 2257 849 2322; x_wconf 85' lang='lat' dir='ltr'><strong>circumfluus</strong></span> <span class='ocrx_word' id='word_1_102' title='bbox 864 2259 980 2322; x_wconf 89' lang='lat' dir='ltr'><strong>humor</strong></span> 
     </span>
     <span class='ocr_line' id='line_1_18' title="bbox 133 2361 934 2444; baseline 0.001 -18"><span class='ocrx_word' id='word_1_103' title='bbox 133 2362 257 2426; x_wconf 84' lang='lat' dir='ltr'><strong>Ultima</strong></span> <span class='ocrx_word' id='word_1_104' title='bbox 272 2362 423 2444; x_wconf 87' lang='lat' dir='ltr'><strong>possedit,</strong></span> <span class='ocrx_word' id='word_1_105' title='bbox 440 2361 642 2442; x_wconf 90' lang='lat' dir='ltr'><strong>solidumque</strong></span> <span class='ocrx_word' id='word_1_106' title='bbox 657 2362 799 2425; x_wconf 69' lang='lat' dir='ltr'><strong>coercuit</strong></span> <span class='ocrx_word' id='word_1_107' title='bbox 815 2363 934 2427; x_wconf 90' lang='lat' dir='ltr'><strong>orbem.</strong></span> 
     </span>
     <span class='ocr_line' id='line_1_19' title="bbox 178 2465 988 2550; baseline 0.001 -21"><span class='ocrx_word' id='word_1_108' title='bbox 178 2467 233 2530; x_wconf 84' lang='lat' dir='ltr'><strong>Sic</strong></span> <span class='ocrx_word' id='word_1_109' title='bbox 249 2468 307 2530; x_wconf 92' lang='lat' dir='ltr'><strong>ubi</strong></span> <span class='ocrx_word' id='word_1_110' title='bbox 321 2466 518 2550; x_wconf 87' lang='lat' dir='ltr'><strong>dispositam,</strong></span> <span class='ocrx_word' id='word_1_111' title='bbox 536 2468 681 2548; x_wconf 91' lang='lat' dir='ltr'><strong>quisquis</strong></span> <span class='ocrx_word' id='word_1_112' title='bbox 696 2465 758 2531; x_wconf 87' lang='lat' dir='ltr'><strong>fuit</strong></span> <span class='ocrx_word' id='word_1_113' title='bbox 774 2467 828 2531; x_wconf 86' lang='lat' dir='ltr'><strong>ille</strong></span> <span class='ocrx_word' id='word_1_114' title='bbox 844 2467 988 2547; x_wconf 87' lang='lat' dir='ltr'><strong>deorum,</strong></span> 
     </span>
     <span class='ocr_line' id='line_1_20' title="bbox 130 2573 1019 2656; baseline 0 -20"><span class='ocrx_word' id='word_1_115' title='bbox 130 2573 325 2655; x_wconf 79' lang='lat' dir='ltr'><strong>Congeriem</strong></span> <span class='ocrx_word' id='word_1_116' title='bbox 340 2573 452 2652; x_wconf 90' lang='lat' dir='ltr'><strong>secuit,</strong></span> <span class='ocrx_word' id='word_1_117' title='bbox 469 2584 653 2655; x_wconf 85' lang='lat' dir='ltr'><strong>sectamque</strong></span> <span class='ocrx_word' id='word_1_118' title='bbox 670 2573 703 2636; x_wconf 92' lang='lat' dir='ltr'><strong>in</strong></span> <span class='ocrx_word' id='word_1_119' title='bbox 719 2575 863 2637; x_wconf 89' lang='lat' dir='ltr'><strong>membra</strong></span> <span class='ocrx_word' id='word_1_120' title='bbox 878 2573 1019 2656; x_wconf 83' lang='lat' dir='ltr'><strong>redegit;</strong></span> 
     </span>
     <span class='ocr_line' id='line_1_21' title="bbox 131 2679 883 2761; baseline 0.003 -21"><span class='ocrx_word' id='word_1_121' title='bbox 131 2679 293 2761; x_wconf 92' lang='lat' dir='ltr'><strong>Principio</strong></span> <span class='ocrx_word' id='word_1_122' title='bbox 309 2689 434 2758; x_wconf 88' lang='lat' dir='ltr'><strong>terram,</strong></span> <span class='ocrx_word' id='word_1_123' title='bbox 450 2698 492 2741; x_wconf 91' lang='lat' dir='ltr'><strong>ne</strong></span> <span class='ocrx_word' id='word_1_124' title='bbox 507 2698 574 2742; x_wconf 92' lang='lat' dir='ltr'><strong>non</strong></span> <span class='ocrx_word' id='word_1_125' title='bbox 588 2679 721 2759; x_wconf 80' lang='lat' dir='ltr'><strong>oequalis</strong></span> <span class='ocrx_word' id='word_1_126' title='bbox 736 2681 777 2742; x_wconf 91' lang='lat' dir='ltr'><strong>ab</strong></span> <span class='ocrx_word' id='word_1_127' title='bbox 793 2680 883 2742; x_wconf 90' lang='lat' dir='ltr'><strong>omni</strong></span> 
     </span>
     <span class='ocr_line' id='line_1_22' title="bbox 132 2781 981 2865; baseline -0.005 -20"><span class='ocrx_word' id='word_1_128' title='bbox 132 2782 225 2847; x_wconf 86' lang='lat' dir='ltr'><strong>Parte</strong></span> <span class='ocrx_word' id='word_1_129' title='bbox 241 2783 332 2862; x_wconf 84' lang='lat' dir='ltr'><strong>soret,</strong></span> <span class='ocrx_word' id='word_1_130' title='bbox 349 2783 459 2864; x_wconf 88' lang='lat' dir='ltr'><strong>magni</strong></span> <span class='ocrx_word' id='word_1_131' title='bbox 474 2784 616 2865; x_wconf 87' lang='lat' dir='ltr'><strong>speciem</strong></span> <span class='ocrx_word' id='word_1_132' title='bbox 631 2783 821 2864; x_wconf 85' lang='lat' dir='ltr'><strong>glomeravit</strong></span> <span class='ocrx_word' id='word_1_133' title='bbox 838 2782 871 2842; x_wconf 92' lang='lat' dir='ltr'><strong>in</strong></span> <span class='ocrx_word' id='word_1_134' title='bbox 887 2781 981 2844; x_wconf 78' lang='lat' dir='ltr'><strong>orbis.</strong></span> 
     </span>
     <span class='ocr_line' id='line_1_23' title="bbox 132 2885 986 2969; baseline -0.007 -17"><span class='ocrx_word' id='word_1_135' title='bbox 132 2888 224 2952; x_wconf 83' lang='lat' dir='ltr'><strong>Tum</strong></span> <span class='ocrx_word' id='word_1_136' title='bbox 239 2887 320 2952; x_wconf 82' lang='lat' dir='ltr'><strong>freta</strong></span> <span class='ocrx_word' id='word_1_137' title='bbox 335 2887 475 2966; x_wconf 83' lang='lat' dir='ltr'><strong>diffudit,</strong></span> <span class='ocrx_word' id='word_1_138' title='bbox 491 2885 671 2969; x_wconf 88' lang='lat' dir='ltr'><strong>rapidisque</strong></span> <span class='ocrx_word' id='word_1_139' title='bbox 687 2894 864 2947; x_wconf 88' lang='lat' dir='ltr'><strong>tumescere</strong></span> <span class='ocrx_word' id='word_1_140' title='bbox 879 2885 986 2946; x_wconf 86' lang='lat' dir='ltr'><strong>ventis</strong></span> 
     </span>
     <span class='ocr_line' id='line_1_24' title="bbox 131 2989 887 3072; baseline -0.008 -15"><span class='ocrx_word' id='word_1_141' title='bbox 131 2994 243 3072; x_wconf 89' lang='lat' dir='ltr'><strong>Jussit,</strong></span> <span class='ocrx_word' id='word_1_142' title='bbox 258 3005 291 3057; x_wconf 89' lang='lat' dir='ltr'><strong>et</strong></span> <span class='ocrx_word' id='word_1_143' title='bbox 306 2993 436 3056; x_wconf 74' lang='lat' dir='ltr'><strong>ambita</strong></span> <span class='ocrx_word' id='word_1_144' title='bbox 452 2989 649 3055; x_wconf 88' lang='lat' dir='ltr'><strong>circumdare</strong></span> <span class='ocrx_word' id='word_1_145' title='bbox 666 2989 773 3052; x_wconf 84' lang='lat' dir='ltr'><strong>littora</strong></span> <span class='ocrx_word' id='word_1_146' title='bbox 788 2999 887 3052; x_wconf 80' lang='lat' dir='ltr'><strong>terrea.</strong></span> 
     </span>
     <span class='ocr_line' id='line_1_25' title="bbox 132 3093 963 3178; baseline -0.008 -15"><span class='ocrx_word' id='word_1_147' title='bbox 132 3097 267 3163; x_wconf 82' lang='lat' dir='ltr'><strong>Addidit</strong></span> <span class='ocrx_word' id='word_1_148' title='bbox 282 3109 315 3162; x_wconf 85' lang='lat' dir='ltr'><strong>et</strong></span> <span class='ocrx_word' id='word_1_149' title='bbox 330 3096 437 3162; x_wconf 87' lang='lat' dir='ltr'><strong>fontes</strong></span> <span class='ocrx_word' id='word_1_150' title='bbox 451 3108 484 3160; x_wconf 93' lang='lat' dir='ltr'><strong>et</strong></span> <span class='ocrx_word' id='word_1_151' title='bbox 499 3108 614 3178; x_wconf 86' lang='lat' dir='ltr'><strong>stagna</strong></span> <span class='ocrx_word' id='word_1_152' title='bbox 628 3097 786 3159; x_wconf 89' lang='lat' dir='ltr'><strong>immensa</strong></span> <span class='ocrx_word' id='word_1_153' title='bbox 800 3093 963 3175; x_wconf 89' lang='lat' dir='ltr'><strong>lacusque,</strong></span> 
     </span>
     <span class='ocr_line' id='line_1_26' title="bbox 134 3199 877 3286; baseline -0.005 -18"><span class='ocrx_word' id='word_1_154' title='bbox 134 3204 349 3286; x_wconf 81' lang='lat' dir='ltr'><strong>Fluminaque</strong></span> <span class='ocrx_word' id='word_1_155' title='bbox 366 3203 505 3284; x_wconf 87' lang='lat' dir='ltr'><strong>obliquis</strong></span> <span class='ocrx_word' id='word_1_156' title='bbox 519 3203 622 3266; x_wconf 84' lang='lat' dir='ltr'><strong>cinxit</strong></span> <span class='ocrx_word' id='word_1_157' title='bbox 637 3199 777 3265; x_wconf 90' lang='lat' dir='ltr'><strong>declivia</strong></span> <span class='ocrx_word' id='word_1_158' title='bbox 791 3199 877 3282; x_wconf 86' lang='lat' dir='ltr'><strong>ripis,</strong></span> 
     </span>
     <span class='ocr_line' id='line_1_27' title="bbox 134 3305 939 3391; baseline -0.011 -12"><span class='ocrx_word' id='word_1_159' title='bbox 134 3311 232 3390; x_wconf 80' lang='lat' dir='ltr'><strong>Quae,</strong></span> <span class='ocrx_word' id='word_1_160' title='bbox 248 3310 374 3375; x_wconf 86' lang='lat' dir='ltr'><strong>diversa</strong></span> <span class='ocrx_word' id='word_1_161' title='bbox 389 3309 478 3387; x_wconf 89' lang='lat' dir='ltr'><strong>locis,</strong></span> <span class='ocrx_word' id='word_1_162' title='bbox 493 3307 607 3391; x_wconf 84' lang='lat' dir='ltr'><strong>partim</strong></span> <span class='ocrx_word' id='word_1_163' title='bbox 622 3307 790 3370; x_wconf 87' lang='lat' dir='ltr'><strong>sorbentur</strong></span> <span class='ocrx_word' id='word_1_164' title='bbox 805 3307 845 3370; x_wconf 90' lang='lat' dir='ltr'><strong>ab</strong></span> <span class='ocrx_word' id='word_1_165' title='bbox 862 3305 939 3389; x_wconf 78' lang='lat' dir='ltr'><strong>ipsi,</strong></span> 
     </span>
     <span class='ocr_line' id='line_1_28' title="bbox 133 3393 1039 3498; baseline -0.011 -16"><span class='ocrx_word' id='word_1_166' title='bbox 133 3417 173 3482; x_wconf 90' lang='lat' dir='ltr'><strong>ln</strong></span> <span class='ocrx_word' id='word_1_167' title='bbox 189 3435 274 3479; x_wconf 81' lang='lat' dir='ltr'><strong>ruam</strong></span> <span class='ocrx_word' id='word_1_168' title='bbox 291 3413 480 3498; x_wconf 88' lang='lat' dir='ltr'><strong>perveniunt</strong></span> <span class='ocrx_word' id='word_1_169' title='bbox 497 3414 620 3496; x_wconf 88' lang='lat' dir='ltr'><strong>partim,</strong></span> <span class='ocrx_word' id='word_1_170' title='bbox 637 3393 815 3494; x_wconf 79' lang='lat' dir='ltr'><strong>campoque</strong></span> <span class='ocrx_word' id='word_1_171' title='bbox 830 3423 958 3494; x_wconf 89' lang='lat' dir='ltr'><strong>recepta</strong></span> <span class='ocrx_word' id='word_1_172' title='bbox 1036 3437 1039 3448; x_wconf 27' lang='grc' dir='ltr'><strong>Α</strong></span> 
     </span>
     <span class='ocr_line' id='line_1_29' title="bbox 134 3517 851 3602; baseline -0.01 -16"><span class='ocrx_word' id='word_1_173' title='bbox 134 3520 306 3586; x_wconf 85' lang='lat' dir='ltr'><strong>Liberioris</strong></span> <span class='ocrx_word' id='word_1_174' title='bbox 321 3539 413 3600; x_wconf 81' lang='lat' dir='ltr'><strong>aquae</strong></span> <span class='ocrx_word' id='word_1_175' title='bbox 430 3539 484 3602; x_wconf 91' lang='lat' dir='ltr'><strong>pro</strong></span> <span class='ocrx_word' id='word_1_176' title='bbox 500 3518 576 3602; x_wconf 91' lang='lat' dir='ltr'><strong>ripis</strong></span> <span class='ocrx_word' id='word_1_177' title='bbox 591 3518 698 3582; x_wconf 88' lang='lat' dir='ltr'><strong>littora</strong></span> <span class='ocrx_word' id='word_1_178' title='bbox 713 3517 851 3599; x_wconf 89' lang='lat' dir='ltr'><strong>pulsant.</strong></span> 
     </span>
     <span class='ocr_line' id='line_1_30' title="bbox 133 3621 893 3707; baseline -0.007 -18"><span class='ocrx_word' id='word_1_179' title='bbox 133 3626 233 3690; x_wconf 85' lang='lat' dir='ltr'><strong>Jussit</strong></span> <span class='ocrx_word' id='word_1_180' title='bbox 248 3637 280 3688; x_wconf 87' lang='lat' dir='ltr'><strong>et</strong></span> <span class='ocrx_word' id='word_1_181' title='bbox 296 3624 429 3688; x_wconf 82' lang='lat' dir='ltr'><strong>extendi</strong></span> <span class='ocrx_word' id='word_1_182' title='bbox 444 3643 584 3707; x_wconf 90' lang='lat' dir='ltr'><strong>campos,</strong></span> <span class='ocrx_word' id='word_1_183' title='bbox 602 3622 766 3688; x_wconf 84' lang='lat' dir='ltr'><strong>subsidere</strong></span> <span class='ocrx_word' id='word_1_184' title='bbox 782 3621 893 3700; x_wconf 87' lang='lat' dir='ltr'><strong>valles,</strong></span> 
     </span>
     <span class='ocr_line' id='line_1_31' title="bbox 135 3730 942 3815; baseline -0.011 -17"><span class='ocrx_word' id='word_1_185' title='bbox 135 3730 264 3798; x_wconf 77' lang='lat' dir='ltr'><strong>Fronde</strong></span> <span class='ocrx_word' id='word_1_186' title='bbox 281 3731 347 3815; x_wconf 83' lang='lat' dir='ltr'><strong>tegi</strong></span> <span class='ocrx_word' id='word_1_187' title='bbox 362 3731 469 3810; x_wconf 83' lang='lat' dir='ltr'><strong>silvas,</strong></span> <span class='ocrx_word' id='word_1_188' title='bbox 485 3730 646 3815; x_wconf 88' lang='lat' dir='ltr'><strong>lapidosos</strong></span> <span class='ocrx_word' id='word_1_189' title='bbox 661 3747 790 3812; x_wconf 83' lang='lat' dir='ltr'><strong>surgere</strong></span> <span class='ocrx_word' id='word_1_190' title='bbox 806 3737 942 3791; x_wconf 81' lang='lat' dir='ltr'><strong>montes.</strong></span> 
     </span>
    </p>
   </div>
   <div class='ocr_carea' id='block_1_5' title="bbox 0 0 1329 4176">
    <p class='ocr_par' dir='ltr' id='par_1_6' title="bbox 0 0 1329 4176">
     <span class='ocr_line' id='line_1_32' title="bbox 0 0 1329 4176; baseline 0 0"><span class='ocrx_word' id='word_1_191' title='bbox 0 0 1329 4176; x_wconf 95' lang='lat' dir='ltr'><strong> </strong></span> 
     </span>
    </p>
   </div>
  </div>
 </body>
</html>
