2636 4178
584 257 685 310 soon
705 256 782 310 xm.
1145 231 1227 304 ,136

184 417 364 498 Pergama:
387 413 465 494 quid
480 412 608 478 dubitas
623 413 789 494 ingentem
803 401 945 478 euertere
963 414 1116 496 Trojam?
1126 417 1147 452 ³·

187 521 352 601 lnjecique
369 537 511 598 manum,
528 517 706 598 fortemque
722 518 763 582 ad
778 517 873 582 fortia
886 521 968 586 misi.
1163 521 1226 586 170

190 627 275 708 Engo
292 643 388 708 opera
403 624 490 686 illius
505 642 578 687 mea
592 634 676 698 sunt,
726 623 798 706 Ego
816 624 988 707 Telephon
1004 627 1096 691 hasta

193 730 394 812 Pugnantem
410 729 532 808 domui,
548 728 673 790 victum
690 740 897 810 orantemque
913 729 1020 794 refeci.

237 833 334 902 Qudd
352 833 479 896 Thebae
495 832 772 912 occideremini
788 845 856 913 est;
880 844 932 897 me
948 835 1068 898 credite
1085 835 1223 915 Lesbon,

192 937 245 1002 Me
262 938 420 1030 Tenedon
437 939 649 1020 Chrysenque
664 949 697 1000 et
712 938 840 1019 cynas,
857 938 1016 1021 Apollinis
1032 941 1135 1019 urbes,

190 1046 233 1108 Et
251 1044 358 1126 Syron
374 1044 494 1124 cepisse
509 1064 517 1122 ;
540 1042 614 1106 mea
629 1062 785 1106 concussa
800 1054 908 1126 putate
1163 1046 1226 1110 175

185 1148 400 1212 Procubuisse
416 1145 483 1209 solo
500 1146 657 1229 Lyrnesia
671 1148 791 1212 moenia
805 1149 927 1214 dextra

185 1255 297 1334 thue
314 1252 393 1315 alios
409 1263 551 1314 taceam:
575 1253 631 1334 qui
646 1273 768 1316 saevum
784 1255 913 1336 perdere
931 1268 1036 1337 posset

187 1360 340 1436 Hectora,
357 1377 473 1438 nempe
488 1355 581 1419 dedi:
606 1377 660 1439 per
676 1377 728 1420 me
741 1356 827 1437 jacet
844 1359 985 1440 inclytus
1002 1361 1133 1423 Hector.

191 1463 261 1526 lllis
274 1463 343 1524 hac
358 1463 464 1540 armis,
481 1461 599 1542 quibus
613 1472 662 1524 est
681 1461 832 1526 inventus
847 1464 1002 1544 Achilles,

194 1569 293 1630 Arma
307 1579 395 1650 peto;
420 1567 496 1629 vivo
512 1565 673 1643 dederam,
690 1579 760 1647 post
777 1565 844 1629 fata
859 1587 999 1649 reposco.
1162 1569 1224 1632 180

240 1671 283 1734 Ut
297 1672 383 1736 dolor
398 1671 493 1734 unius
509 1673 639 1734 Danaos
655 1670 856 1753 pervenitad
871 1690 993 1751 omneS,
1103 1737 1105 1742 ,

192 1776 367 1856 Aulidaque
386 1776 565 1840 Euboicam
581 1775 781 1858 complerunt
796 1775 885 1840 mille
901 1777 1039 1858 earinae;

190 1883 388 1965 Exspectata
401 1881 468 1959 diu,
485 1880 574 1944 nulla
588 1891 644 1943 aut
659 1881 815 1944 contraria
829 1880 933 1961 classi,

188 1986 341 2050 Flamina
355 1996 440 2064 sunt,
456 1985 607 2065 duraeque
620 1983 736 2065 jubent
752 1987 998 2068 Agamemnona
1012 1998 1112 2050 sortes

189 2093 386 2155 Immeritam
402 2109 497 2154 saevae
513 2102 621 2154 natam
636 2101 774 2154 mactare
790 2091 913 2155 Dianae.
1163 2090 1224 2154 185

190 2196 337 2278 Denegat
354 2196 414 2258 hoc
431 2195 565 2278 genitor,
580 2195 727 2276 divisque
743 2196 889 2260 irascitur
904 2195 991 2279 ipsis,

188 2304 294 2382 Atque
312 2302 345 2364 in
361 2320 434 2382 rege
451 2311 559 2362 tamen
575 2312 662 2383 pater
677 2311 753 2364 est..
784 2301 856 2384 Ego
870 2302 948 2364 mite
965 2302 1102 2384 parentis

189 2405 363 2488 Ingenium
380 2403 485 2468 verbis
499 2404 541 2466 ad
555 2403 684 2486 publiea
698 2405 870 2468 commoda
886 2405 974 2468 verti.

190 2511 284 2574 Nunc
301 2509 449 2589 equidem
465 2508 574 2588 fateor,
593 2508 739 2587 fassoque
757 2510 901 2589 ignoscat
916 2509 1064 2589 Atridam

190 2615 366 2678 Difficilem
383 2615 472 2676 tenni
488 2615 548 2677 sub
565 2613 675 2694 iniquo
688 2610 797 2691 judice
813 2632 952 2676 causam.
1163 2614 1224 2677 190

190 2721 289 2783 Hunc
306 2731 414 2783 tamen
430 2719 552 2782 utilitas
568 2717 677 2800 populi
692 2716 849 2799 fraterque
865 2715 994 2797 datique

192 2825 328 2888 Summa
343 2836 452 2888 movet
468 2825 592 2905 sceptri,
609 2823 738 2886 laudem
756 2833 791 2886 ut
806 2843 881 2887 cum
897 2824 1053 2906 sanguine
1069 2834 1189 2906 penset.

190 2930 301 2992 Mittor
316 2940 349 2992 et
364 2929 405 2992 ad
422 2940 566 3006 matrem,
583 2948 654 3008 qnae
672 2949 734 2992 non
752 2928 917 3008 hortanda,
934 2929 990 2992 sed
1005 2940 1079 2992 astu

191 3034 389 3116 Decipicnda
403 3033 474 3096 fuit.
522 3034 602 3101 Qut
616 3033 643 3096 si
661 3033 872 3098 Telamonius
888 3033 974 3114 isset,

192 3139 276 3202 Orba
290 3141 356 3202 suis
372 3149 477 3202 essent
493 3141 678 3202 etiamnunc
694 3138 794 3201 lintea
809 3140 924 3202 ventis.
1162 3137 1225 3202 19⁵

234 3244 347 3307 Mittor
361 3255 394 3306 et
410 3244 524 3307 Iliacas
538 3243 645 3306 audax
661 3255 764 3306 orator
779 3243 820 3306 ad
834 3263 932 3323 arces,

189 3349 330 3430 Visaque
347 3359 380 3410 ct
396 3349 512 3410 intrata
526 3359 575 3410 est
590 3348 663 3410 allae
681 3348 763 3412 mihi
778 3347 867 3410 curia
883 3345 1003 3427 TroJ'ae,

189 3454 353 3534 Plenaque
369 3452 474 3516 adhuc
490 3463 555 3515 erat
573 3452 628 3514 illa
643 3453 726 3516 viris.
774 3452 940 3515 Interritus
954 3453 1018 3535 egi,

188 3561 303 3630 Quam
319 3559 400 3622 milri
417 3557 584 3621 mandarat
600 3559 783 3621 communis
798 3559 934 3636 Graecia,
950 3579 1091 3640 eausam,

190 3669 380 3746 Accusoque
396 3663 493 3727 Parin
508 3663 711 3746 praedamque
728 3663 951 3744 Helenamque
967 3685 1109 3750 reposco,
1157 3667 1227 3731 20⁰
