2636 4178
554 303 653 374 anon
679 307 753 357 xrv.

138 459 291 540 llomulo,
305 457 379 540 jura
393 459 510 542 dabas;
535 459 639 542 positi
653 459 726 523 crim
744 460 865 524 casside
881 462 1010 525 Mavors

139 565 277 630 Talibus
293 565 410 628 affatur
424 563 599 644 divumque
615 565 849 647 hominumque
866 579 1049 648 parentem:

144 669 307 752 *Tempus
322 669 421 747 adest,
438 669 573 750 genitor,
590 671 743 750 quoniam
761 669 949 734 fundamine
966 690 1084 754 magno

145 773 211 838 Res
224 774 372 838 Romana
386 773 482 854 valet,
499 784 532 836 et
547 774 680 857 preside
697 775 814 857 pendet
831 775 872 838 ab
888 795 965 856 uno,
1112 774 1176 840 160

143 877 276 942 Praemia
287 875 356 958 jam
373 877 526 965 promisse
540 879 622 942 mihi
637 878 799 960 dignoque
816 879 926 962 nepoti

143 983 285 1062 Solvere,
300 994 333 1046 et
348 982 492 1048 ablatum
508 984 598 1046 terris
614 984 775 1066 imponere
791 984 883 1048 coelo.

141 1088 196 1152 'l'n
211 1088 295 1150 mihi
307 1087 445 1151 concilio
461 1086 622 1170 quondam
639 1099 792 1170 praesente
808 1089 952 1170 deomm,

136 1191 236 1278 (Nam
252 1211 405 1272 memoro,
421 1193 618 1274 memorique
634 1191 741 1256 animo
758 1195 811 1277 pia
827 1195 923 1258 verba
937 1195 1064 1284 notavi)

137 1305 157 1338 “
167 1299 262 1362 Unus
277 1298 347 1375 erit,
364 1316 459 1378 quem
474 1309 509 1360 tu
526 1297 620 1362 tolles
635 1298 670 1361 in
685 1298 802 1362 caerula
817 1299 922 1379 coeli,'’
1112 1299 1176 1364 165

138 1402 280 1466 Dixisti:
304 1412 371 1464 rata
385 1403 426 1467 sit
441 1403 612 1465 verborum
627 1421 754 1464 summa
768 1406 920 1466 tuorum!

188 1505 307 1576 Annuit
323 1506 536 1590 omnipotens,
553 1517 586 1569 et
602 1507 742 1569 nubibus
757 1509 831 1568 adra
844 1508 940 1570 caecis

144 1609 301 1690 Occuluit,
318 1611 500 1692 tonitruque
515 1621 548 1674 et
563 1610 690 1692 fulgure
706 1611 816 1673 terruit
832 1612 952 1674 orbem.

144 1714 229 1783 Quae
244 1715 304 1778 sibi
318 1717 481 1800 promisse
497 1716 596 1778 sensit
612 1715 687 1778 data
702 1715 795 1798 signe
809 1713 938 1798 rapinae,

140 1821 338 1901 innixusque
352 1821 454 1884 hastae
470 1835 594 1904 pressos
609 1831 737 1884 temone
753 1830 887 1885 cruento

136 1924 325 2008 Impavidus
339 1925 527 1988 conscendit
542 1933 643 2006 equos
658 1922 829 2004 Gradivus,
846 1936 879 1989 et
895 1925 961 1990 ictu

137 2025 286 2094 Verberis
299 2030 467 2112 increpuit,
485 2049 683 2113 pronumque
700 2050 755 2113 per
769 2031 842 2093 adra
857 2030 964 2114 lapsus

142 2134 292 2199 Constitit
307 2135 340 2196 in
357 2154 484 2198 summo
500 2136 660 2198 nemorosi
670 2134 886 2215 'colle'Palati

141 2237 406 2320 Reddentemque
422 2259 480 2302 suo
492 2237 560 2319 jam
575 2240 664 2322 regie
676 2238 750 2320 jura
764 2241 888 2310 Quiriti

137 2344 281 2408 Abstulit
297 2343 431 2407 Iliaden.
479 2345 601 2428 Corpus
617 2345 750 2408 mortale
766 2365 822 2427 per
835 2366 928 2409 auras

137 2449 307 2532 Dilapsum
323 2458 446 2527 tenues,
462 2458 500 2512 nt
514 2447 580 2513 latd
597 2450 747 2531 plumbea
761 2448 864 2513 sundri

136 2552 238 2616 Missa
253 2552 334 2616 solet
350 2553 456 2616 medio
472 2552 564 2636 glans
580 2553 776 2616 intabescere
792 2552 884 2616 coelo.

137 2656 277 2720 Pulchra
291 2658 377 2721 subit
392 2657 500 2737 facies,
517 2668 549 2720 et
565 2657 785 2740 pulvinaribus
800 2658 873 2720 altis
896 2655 899 2662 '

139 2761 284 2844 Dignior,
299 2773 332 2825 et
347 2763 450 2843 qualis
465 2761 598 2825 trabeati
614 2759 717 2839 forma
732 2761 872 2830 Quirini.

183 2866 299 2930 Flebat
315 2879 351 2931 ut
367 2869 520 2932 amissum
536 2863 666 2946 conjux,
683 2866 757 2930 crim
772 2867 861 2949 regia
874 2867 960 2931 Juno

138 2971 205 3033 lrin
220 2971 261 3034 ed
278 2971 452 3036 Hersiliam
467 2971 660 3035 descendere
677 2970 779 3035 limite
795 2991 894 3035 curvo

111 3115 127 3137 .
140 3075 287 3158 Imperat,
305 3088 337 3139 et
352 3095 465 3140 vacuae
480 3077 600 3140 suasio
616 3075 768 3139 mandata
783 3075 916 3140 referre:

144 3177 188 3240 ‘O
203 3192 235 3243 et
251 3181 291 3243 de
308 3180 410 3260 Latii,
426 3201 446 3243 o
462 3181 549 3244 etde
566 3191 661 3264 gente
680 3179 802 3244 Sabini

136 3281 352 3367 Praecipuum,
368 3296 523 3364 matrona,
539 3286 647 3365 decus,
664 3285 855 3368 dignissima
868 3286 950 3348 tanti

134 3389 223 3452 Ant'e
238 3387 337 3453 fuisse
353 3389 414 3453 viri
429 3388 560 3470 conjnx,
577 3409 664 3453 nunc
681 3410 749 3454 csse
766 3389 908 3470 Quirini,

135 3492 226 3557 Siste
243 3505 317 3570 tuos
331 3493 436 3574 fletus,
452 3506 495 3575 et,
511 3495 539 3557 si
555 3496 613 3558 tibi
628 3515 705 3558 cura
719 3494 852 3558 videndi

134 3597 297 3682 Coniugis
311 3610 370 3678 est,
385 3599 470 3682 duce
484 3619 537 3662 me
553 3599 664 3662 lucum
680 3611 762 3681 pete,
778 3597 860 3662 colle
877 3599 1018 3668 Quirino
1126 3673 1130 3680 .

135 3703 210 3772 Qui
229 3705 318 3785 viret,
334 3715 367 3768 et
383 3703 540 3790 templum
557 3705 698 3769 Romani
714 3705 1005 3786 regisobumbrarr
