2636 4178
110 264 153 328 90
397 283 516 335 ovrns
538 280 860 334 mmmomnosas.
956 321 960 328 .

111 439 331 504 Bacchantum
345 440 409 503 ritu
424 437 597 520 flagrantes
610 436 725 500 circuit
740 456 818 513 aras,

111 544 352 624 Multifidasque
368 543 456 607 faces
471 544 506 606 in
521 541 606 606 fosse
620 541 788 622 sanguinis
802 540 870 603 atri
1084 537 1148 602 115

114 649 241 730 Tingit,
258 659 290 712 et
306 649 459 712 intinctas
475 648 613 731 geminis
627 645 775 708 accendit
791 647 823 707 iu
839 644 910 723 aris,

112 755 241 834 Terque
257 774 368 816 senem
384 753 523 830 flamma,
541 765 587 815 ter
602 751 694 832 aqui,
711 761 758 813 ter
773 748 893 812 sulfure
909 748 1031 811 lustrat

112 861 237 922 Interea
250 859 355 922 calido
372 858 512 942 positum
528 856 728 920 medicamen
743 859 824 919 atino

112 965 243 1042 Fervet,
260 975 293 1026 et
309 948 459 1043 exsultat,
477 963 662 1045 spumisque
679 959 878 1023 tumentibus
894 958 989 1022 albet.

112 1069 182 1132 Illic
199 1068 372 1132 Haemonii
386 1067 509 1130 radices
525 1066 608 1130 valle
624 1076 760 1130 resectas
840 1123 844 1130 .
1086 1062 1149 1126 120

114 1174 308 1254 Seminaque
323 1173 479 1254 floresque
495 1183 527 1234 et
543 1190 657 1235 succos
672 1171 814 1251 incoquit
830 1189 927 1234 acres.

112 1278 232 1358 Adjicit
248 1289 393 1342 extremo
410 1277 531 1360 lapides
547 1277 676 1340 Oriente
691 1277 817 1358 petitoS,

115 1383 168 1463 Et,
185 1403 264 1464 quas
280 1384 402 1447 Oceani
417 1383 554 1446 refluum
571 1401 655 1444 mara
673 1381 761 1460 lavit,
778 1399 898 1442 arenas.

114 1488 248 1552 Addidit
263 1499 415 1570 exceptas
430 1488 533 1550 Lunae
548 1487 590 1550 de
605 1498 699 1550 nocte
717 1485 854 1569 pruinas.

114 1593 177 1656 His
192 1605 224 1657 et
241 1593 328 1657 mille
344 1594 415 1656 aliis
431 1605 597 1676 postquam
615 1591 683 1655 sine
700 1591 830 1654 nomine
846 1589 940 1652 rebus
1088 1586 1151 1650 125

114 1699 317 1780 Propositum
334 1699 484 1762 iustruxit
500 1697 625 1761 mortali
641 1698 773 1759 barbara
787 1713 906 1758 munus
919 1714 927 1772 3

114 1804 226 1867 Arenti
244 1825 331 1866 ramo
343 1802 536 1886 jampridem
553 1803 641 1866 mitis
657 1802 751 1863 olivae

115 1908 232 1971 Omnia
247 1908 405 1985 confudit,
423 1909 621 1986 summisque
640 1905 816 1968 immiscuit
831 1903 905 1966 ima.

115 2014 212 2092 Ecce,
230 2025 323 2076 vetus
338 2012 442 2075 calido
459 2022 603 2074 versatus
618 2012 717 2092 stipes
731 2009 837 2072 aheno

115 2118 170 2180 Fit
186 2118 297 2182 viridis
313 2116 424 2200 primo,
441 2136 501 2180 nec
517 2116 615 2198 longo
631 2125 772 2197 tempore
789 2112 917 2177 frondes
1089 2110 1152 2174 130

114 2223 235 2299 Induit,
252 2232 285 2284 et
301 2222 410 2284 subitd
426 2221 564 2303 gravidis
580 2230 728 2282 oneratur
743 2219 847 2282 olivis.

114 2328 167 2406 At,
184 2328 375 2407 quacunque
391 2346 472 2389 cavo
489 2345 619 2408 spumas
634 2322 730 2404 ejecit
745 2325 850 2388 aheno

114 2433 214 2514 Ignis,
231 2443 263 2495 et
280 2433 313 2495 in
329 2443 445 2495 terram
461 2441 562 2514 guttae
577 2430 722 2494 cecidere
737 2429 889 2508 calentes,

114 2539 232 2601 Vernat
249 2539 379 2615 humus,
395 2536 552 2617 floresque
568 2545 601 2600 at
616 2536 728 2599 mollia
743 2535 860 2618 pabula
875 2543 1021 2616 surgunt.

114 2643 217 2710 Quod
233 2643 329 2706 simul
345 2663 382 2706 ac
398 2642 491 2722 vidit,
508 2643 618 2705 stricto
634 2642 749 2704 Medea
764 2640 899 2704 recludit
1090 2635 1153 2698 135

115 2748 203 2811 Ense
220 2749 305 2811 senis
316 2747 480 2830 jugulum,
497 2759 707 2836 veteremque¹
718 2744 806 2809 exire
821 2764 966 2808 cruorem

115 2852 222 2931 Passa,
239 2852 338 2935 replet
353 2853 467 2915 succis.
515 2852 611 2919 Quos
626 2861 794 2932 postquam
810 2849 965 2912 combibit
981 2847 1085 2910 AEson

115 2958 181 3020 Aut
197 2977 251 3019 ore
266 2967 425 3039 acceptos,
441 2966 497 3019 aut
512 2956 655 3033 vulnere,
672 2953 770 3016 barba
785 2973 949 3035 comaeque

115 3062 242 3124 Oanitie
259 3061 362 3145 posita
376 3061 503 3142 nigrum
520 3058 653 3142 rapuere
668 3059 825 3139 colorem3

115 3166 213 3229 Pulsa
227 3165 310 3248 sugit
327 3165 454 3246 macies,
471 3165 592 3228 abeunt
609 3164 771 3247 pallorque
788 3164 943 3246 situsque,
1089 3157 1153 3222 140

114 3269 313 3351 Adjectoque
328 3290 417 3334 cavae
433 3270 620 3354 supplentur
634 3289 763 3352 corpore
779 3289 885 3352 rugae3

115 3377 323 3458 Membraque
339 3376 511 3439 luxuriant.
559 3374 662 3438 AEson
678 3375 819 3453 miratur,
835 3385 868 3438 et
883 3373 963 3437 olim
1000 3363 1012 3376 '

115 3485 201 3549 Ante
217 3481 442 3564 quaterdenos
457 3482 547 3545 hunc
562 3501 596 3545 se
612 3480 827 3544 reminIscitur
841 3497 953 3543 anuos.
