<?xml version="1.0" encoding="UTF-8"?>
<!DOCTYPE html PUBLIC "-//W3C//DTD XHTML 1.0 Transitional//EN"
    "http://www.w3.org/TR/xhtml1/DTD/xhtml1-transitional.dtd">
<html xmlns="http://www.w3.org/1999/xhtml" xml:lang="en" lang="en">
 <head>
  <title>
</title>
<meta http-equiv="Content-Type" content="text/html;charset=utf-8" />
  <meta name='ocr-system' content='tesseract 3.04.00' />
  <meta name='ocr-capabilities' content='ocr_page ocr_carea ocr_par ocr_line ocrx_word'/>
</head>
<body>
  <div class='ocr_page' id='page_1' title='image "./selectionsfromm00ovidgoog_0122.png"; bbox 0 0 2636 4178; ppageno 0'>
   <div class='ocr_carea' id='block_1_1' title="bbox 587 319 758 370">
    <p class='ocr_par' dir='ltr' id='par_1_1' title="bbox 587 319 758 370">
     <span class='ocr_line' id='line_1_1' title="bbox 587 319 758 370; baseline -0.006 0"><span class='ocrx_word' id='word_1_1' title='bbox 587 319 689 370; x_wconf 83' lang='lat' dir='ltr'><strong>BOOK</strong></span> <span class='ocrx_word' id='word_1_2' title='bbox 710 319 758 370; x_wconf 84' lang='lat' dir='ltr'>XI.</span> 
     </span>
    </p>
   </div>
   <div class='ocr_carea' id='block_1_2' title="bbox 463 633 919 677">
    <p class='ocr_par' dir='ltr' id='par_1_2' title="bbox 463 633 919 677">
     <span class='ocr_line' id='line_1_2' title="bbox 463 633 919 677; baseline -0.002 0"><span class='ocrx_word' id='word_1_3' title='bbox 463 635 530 677; x_wconf 74' lang='lat' dir='ltr'>THE</span> <span class='ocrx_word' id='word_1_4' title='bbox 553 633 725 677; x_wconf 73' lang='lat' dir='ltr'>moenum·</span> <span class='ocrx_word' id='word_1_5' title='bbox 748 634 788 676; x_wconf 75' lang='grc'>01·</span> <span class='ocrx_word' id='word_1_6' title='bbox 811 635 919 676; x_wconf 73' lang='lat' dir='ltr'>mnus·</span> 
     </span>
    </p>
   </div>
   <div class='ocr_carea' id='block_1_3' title="bbox 165 789 1089 3709">
    <p class='ocr_par' dir='ltr' id='par_1_3' title="bbox 165 789 1086 1922">
     <span class='ocr_line' id='line_1_3' title="bbox 216 789 921 875; baseline -0.004 -20"><span class='ocrx_word' id='word_1_7' title='bbox 216 792 283 871; x_wconf 90' lang='lat' dir='ltr'>Ille,</span> <span class='ocrx_word' id='word_1_8' title='bbox 300 811 432 875; x_wconf 85' lang='lat' dir='ltr'>perosus</span> <span class='ocrx_word' id='word_1_9' title='bbox 447 809 533 872; x_wconf 71' lang='lat' dir='ltr'>opeS,</span> <span class='ocrx_word' id='word_1_10' title='bbox 550 789 647 853; x_wconf 90' lang='lat' dir='ltr'>silvas</span> <span class='ocrx_word' id='word_1_11' title='bbox 661 800 694 852; x_wconf 89' lang='lat' dir='ltr'>et</span> <span class='ocrx_word' id='word_1_12' title='bbox 710 797 781 853; x_wconf 88' lang='lat' dir='ltr'>rura</span> <span class='ocrx_word' id='word_1_13' title='bbox 795 790 921 854; x_wconf 91' lang='lat' dir='ltr'>colebat</span> 
     </span>
     <span class='ocr_line' id='line_1_4' title="bbox 175 895 1026 979; baseline -0.001 -20"><span class='ocrx_word' id='word_1_14' title='bbox 175 897 320 979; x_wconf 88' lang='lat' dir='ltr'>Panaque</span> <span class='ocrx_word' id='word_1_15' title='bbox 337 897 499 959; x_wconf 88' lang='lat' dir='ltr'>montanis</span> <span class='ocrx_word' id='word_1_16' title='bbox 515 895 713 957; x_wconf 83' lang='lat' dir='ltr'><strong>habitantem</strong></span> <span class='ocrx_word' id='word_1_17' title='bbox 729 915 853 978; x_wconf 81' lang='lat' dir='ltr'>semper</span> <span class='ocrx_word' id='word_1_18' title='bbox 868 896 902 959; x_wconf 90' lang='lat' dir='ltr'>in</span> <span class='ocrx_word' id='word_1_19' title='bbox 917 896 1026 959; x_wconf 82' lang='lat' dir='ltr'><strong>antris.</strong></span> 
     </span>
     <span class='ocr_line' id='line_1_5' title="bbox 171 1001 1086 1084; baseline 0 -20"><span class='ocrx_word' id='word_1_20' title='bbox 171 1002 295 1084; x_wconf 86' lang='lat' dir='ltr'>Pingue</span> <span class='ocrx_word' id='word_1_21' title='bbox 311 1002 369 1064; x_wconf 86' lang='lat' dir='ltr'>sed</span> <span class='ocrx_word' id='word_1_22' title='bbox 384 1001 551 1083; x_wconf 80' lang='lat' dir='ltr'>ingenium</span> <span class='ocrx_word' id='word_1_23' title='bbox 568 1001 694 1079; x_wconf 90' lang='lat' dir='ltr'>mansit,</span> <span class='ocrx_word' id='word_1_24' title='bbox 714 1002 932 1082; x_wconf 82' lang='lat' dir='ltr'>nocituraque,</span> <span class='ocrx_word' id='word_1_25' title='bbox 949 1011 985 1064; x_wconf 90' lang='lat' dir='ltr'>ut</span> <span class='ocrx_word' id='word_1_26' title='bbox 1000 1011 1086 1082; x_wconf 88' lang='lat' dir='ltr'>ante,</span> 
     </span>
     <span class='ocr_line' id='line_1_6' title="bbox 169 1105 1019 1188; baseline 0 -18"><span class='ocrx_word' id='word_1_27' title='bbox 169 1107 296 1170; x_wconf 86' lang='lat' dir='ltr'>Rursus</span> <span class='ocrx_word' id='word_1_28' title='bbox 311 1119 400 1168; x_wconf 88' lang='lat' dir='ltr'>erant</span> <span class='ocrx_word' id='word_1_29' title='bbox 416 1105 548 1168; x_wconf 90' lang='lat' dir='ltr'>domino</span> <span class='ocrx_word' id='word_1_30' title='bbox 565 1105 688 1168; x_wconf 81' lang='lat' dir='ltr'>stolidae</span> <span class='ocrx_word' id='word_1_31' title='bbox 706 1106 876 1188; x_wconf 88' lang='lat' dir='ltr'>praecordia</span> <span class='ocrx_word' id='word_1_32' title='bbox 892 1107 1019 1170; x_wconf 88' lang='lat' dir='ltr'>mentis.</span> 
     </span>
     <span class='ocr_line' id='line_1_7' title="bbox 165 1209 942 1294; baseline 0 -19"><span class='ocrx_word' id='word_1_33' title='bbox 165 1211 251 1275; x_wconf 88' lang='lat' dir='ltr'>Nam</span> <span class='ocrx_word' id='word_1_34' title='bbox 267 1211 349 1274; x_wconf 84' lang='lat' dir='ltr'>freta</span> <span class='ocrx_word' id='word_1_35' title='bbox 364 1211 556 1294; x_wconf 81' lang='lat' dir='ltr'>prospiciens</span> <span class='ocrx_word' id='word_1_36' title='bbox 572 1211 641 1273; x_wconf 71' lang='lat' dir='ltr'>late.</span> <span class='ocrx_word' id='word_1_37' title='bbox 651 1209 731 1292; x_wconf 93' lang='lat' dir='ltr'>riget</span> <span class='ocrx_word' id='word_1_38' title='bbox 747 1211 864 1275; x_wconf 92' lang='lat' dir='ltr'>arduus</span> <span class='ocrx_word' id='word_1_39' title='bbox 877 1212 942 1275; x_wconf 92' lang='lat' dir='ltr'>alto</span> 
     </span>
     <span class='ocr_line' id='line_1_8' title="bbox 168 1313 1035 1398; baseline -0.001 -18"><span class='ocrx_word' id='word_1_40' title='bbox 168 1313 311 1380; x_wconf 74' lang='lat' dir='ltr'>rl&#39;niolns</span> <span class='ocrx_word' id='word_1_41' title='bbox 327 1317 360 1378; x_wconf 93' lang='lat' dir='ltr'>in</span> <span class='ocrx_word' id='word_1_42' title='bbox 376 1315 543 1392; x_wconf 80' lang='lat' dir='ltr'>adscensu,</span> <span class='ocrx_word' id='word_1_43' title='bbox 560 1315 709 1396; x_wconf 89' lang='lat' dir='ltr'>clivoque</span> <span class='ocrx_word' id='word_1_44' title='bbox 724 1328 875 1380; x_wconf 87' lang='lat' dir='ltr'>extentus</span> <span class='ocrx_word' id='word_1_45' title='bbox 891 1328 1035 1398; x_wconf 90' lang='lat' dir='ltr'>utroque,</span> 
     </span>
     <span class='ocr_line' id='line_1_9' title="bbox 174 1420 966 1504; baseline -0.001 -21"><span class='ocrx_word' id='word_1_46' title='bbox 174 1421 327 1484; x_wconf 82' lang='lat' dir='ltr'>Sardibus</span> <span class='ocrx_word' id='word_1_47' title='bbox 343 1423 429 1498; x_wconf 84' lang='lat' dir='ltr'>hinc,</span> <span class='ocrx_word' id='word_1_48' title='bbox 446 1421 535 1483; x_wconf 91' lang='lat' dir='ltr'>illinc</span> <span class='ocrx_word' id='word_1_49' title='bbox 553 1420 658 1503; x_wconf 89' lang='lat' dir='ltr'>parvis</span> <span class='ocrx_word' id='word_1_50' title='bbox 675 1420 966 1504; x_wconf 38' lang='lat' dir='ltr'>finiturlHypaepis.</span> 
     </span>
     <span class='ocr_line' id='line_1_10' title="bbox 178 1522 1045 1613; baseline 0.002 -27"><span class='ocrx_word' id='word_1_51' title='bbox 178 1525 245 1586; x_wconf 88' lang='lat' dir='ltr'>Pan</span> <span class='ocrx_word' id='word_1_52' title='bbox 260 1525 393 1588; x_wconf 90' lang='lat' dir='ltr'>ibidum</span> <span class='ocrx_word' id='word_1_53' title='bbox 411 1527 526 1588; x_wconf 89' lang='lat' dir='ltr'>teneris</span> <span class='ocrx_word' id='word_1_54' title='bbox 538 1522 638 1605; x_wconf 86' lang='lat' dir='ltr'>jactat</span> <span class='ocrx_word' id='word_1_55' title='bbox 652 1545 712 1613; x_wconf 79' lang='lat' dir='ltr'>sua</span> <span class='ocrx_word' id='word_1_56' title='bbox 727 1526 867 1588; x_wconf 90' lang='lat' dir='ltr'>carmina</span> <span class='ocrx_word' id='word_1_57' title='bbox 882 1526 1045 1607; x_wconf 87' lang='lat' dir='ltr'>nymphis,</span> 
     </span>
     <span class='ocr_line' id='line_1_11' title="bbox 178 1629 1022 1707; baseline -0.001 -16"><span class='ocrx_word' id='word_1_58' title='bbox 178 1630 223 1691; x_wconf 86' lang='lat' dir='ltr'>Et</span> <span class='ocrx_word' id='word_1_59' title='bbox 240 1629 308 1692; x_wconf 89' lang='lat' dir='ltr'>leve</span> <span class='ocrx_word' id='word_1_60' title='bbox 322 1631 425 1694; x_wconf 71' lang='lat' dir='ltr'>cerati</span> <span class='ocrx_word' id='word_1_61' title='bbox 441 1630 623 1693; x_wconf 82' lang='lat' dir='ltr'>modulatur</span> <span class='ocrx_word' id='word_1_62' title='bbox 637 1629 793 1692; x_wconf 91' lang='lat' dir='ltr'>arundine</span> <span class='ocrx_word' id='word_1_63' title='bbox 809 1649 948 1707; x_wconf 90' lang='lat' dir='ltr'>carmen,</span> <span class='ocrx_word' id='word_1_64' title='bbox 1018 1683 1022 1690; x_wconf 89' lang='lat'><em>.</em></span> 
     </span>
     <span class='ocr_line' id='line_1_12' title="bbox 175 1716 969 1817; baseline -0.001 -21"><span class='ocrx_word' id='word_1_65' title='bbox 175 1737 282 1797; x_wconf 80' lang='lat' dir='ltr'>Ausus</span> <span class='ocrx_word' id='word_1_66' title='bbox 296 1716 479 1817; x_wconf 84' lang='lat' dir='ltr'>Apollineos</span> <span class='ocrx_word' id='word_1_67' title='bbox 495 1755 557 1816; x_wconf 86' lang='lat' dir='ltr'>prae</span> <span class='ocrx_word' id='word_1_68' title='bbox 574 1755 607 1798; x_wconf 94' lang='lat' dir='ltr'>se</span> <span class='ocrx_word' id='word_1_69' title='bbox 624 1745 829 1797; x_wconf 86' lang='lat' dir='ltr'>contemnere</span> <span class='ocrx_word' id='word_1_70' title='bbox 845 1747 969 1813; x_wconf 89' lang='lat' dir='ltr'>cantus,</span> 
     </span>
     <span class='ocr_line' id='line_1_13' title="bbox 170 1839 962 1922; baseline -0.003 -18"><span class='ocrx_word' id='word_1_71' title='bbox 170 1840 192 1904; x_wconf 92' lang='lat' dir='ltr'>J</span> <span class='ocrx_word' id='word_1_72' title='bbox 195 1839 286 1902; x_wconf 90' lang='lat' dir='ltr'>udice</span> <span class='ocrx_word' id='word_1_73' title='bbox 302 1840 361 1902; x_wconf 89' lang='lat' dir='ltr'>snb</span> <span class='ocrx_word' id='word_1_74' title='bbox 380 1840 499 1902; x_wconf 81' lang='lat' dir='ltr'>Tmolo</span> <span class='ocrx_word' id='word_1_75' title='bbox 514 1851 677 1903; x_wconf 86' lang='lat' dir='ltr'>certarnen</span> <span class='ocrx_word' id='word_1_76' title='bbox 693 1840 782 1902; x_wconf 90' lang='lat' dir='ltr'>venit</span> <span class='ocrx_word' id='word_1_77' title='bbox 798 1840 839 1902; x_wconf 93' lang='lat' dir='ltr'>ad</span> <span class='ocrx_word' id='word_1_78' title='bbox 855 1841 962 1922; x_wconf 89' lang='lat' dir='ltr'>impar.</span> 
     </span>
    </p>

    <p class='ocr_par' dir='ltr' id='par_1_4' title="bbox 169 1942 1089 3498">
     <span class='ocr_line' id='line_1_14' title="bbox 214 1942 965 2032; baseline 0.001 -26"><span class='ocrx_word' id='word_1_79' title='bbox 214 1945 327 2007; x_wconf 88' lang='lat' dir='ltr'>Monta</span> <span class='ocrx_word' id='word_1_80' title='bbox 343 1965 401 2006; x_wconf 89' lang='lat' dir='ltr'>suo</span> <span class='ocrx_word' id='word_1_81' title='bbox 417 1945 523 2007; x_wconf 91' lang='lat' dir='ltr'>senior</span> <span class='ocrx_word' id='word_1_82' title='bbox 535 1942 637 2024; x_wconf 84' lang='lat' dir='ltr'>judex</span> <span class='ocrx_word' id='word_1_83' title='bbox 652 1945 808 2026; x_wconf 88' lang='lat' dir='ltr'>consedit,</span> <span class='ocrx_word' id='word_1_84' title='bbox 825 1957 857 2008; x_wconf 89' lang='lat' dir='ltr'>et</span> <span class='ocrx_word' id='word_1_85' title='bbox 874 1964 965 2032; x_wconf 84' lang='lat' dir='ltr'>aures</span> 
     </span>
     <span class='ocr_line' id='line_1_15' title="bbox 170 2049 1057 2118; baseline -0.001 -5"><span class='ocrx_word' id='word_1_86' title='bbox 170 2051 302 2113; x_wconf 89' lang='lat' dir='ltr'>Liberat</span> <span class='ocrx_word' id='word_1_87' title='bbox 318 2050 491 2112; x_wconf 85' lang='lat' dir='ltr'>arboribus.</span> <span class='ocrx_word' id='word_1_88' title='bbox 539 2049 673 2118; x_wconf 80' lang='lat' dir='ltr'>Quercu</span> <span class='ocrx_word' id='word_1_89' title='bbox 689 2070 782 2112; x_wconf 91' lang='lat' dir='ltr'>coma</span> <span class='ocrx_word' id='word_1_90' title='bbox 797 2051 915 2114; x_wconf 88' lang='lat' dir='ltr'>caerula</span> <span class='ocrx_word' id='word_1_91' title='bbox 930 2049 1057 2114; x_wconf 86' lang='lat' dir='ltr'>tantdm</span> 
     </span>
     <span class='ocr_line' id='line_1_16' title="bbox 172 2155 1083 2239; baseline 0.004 -22"><span class='ocrx_word' id='word_1_92' title='bbox 172 2155 329 2236; x_wconf 86' lang='lat' dir='ltr'>Cingitur,</span> <span class='ocrx_word' id='word_1_93' title='bbox 346 2166 378 2216; x_wconf 92' lang='lat' dir='ltr'>et</span> <span class='ocrx_word' id='word_1_94' title='bbox 395 2155 534 2236; x_wconf 89' lang='lat' dir='ltr'>pendent</span> <span class='ocrx_word' id='word_1_95' title='bbox 547 2157 670 2218; x_wconf 84' lang='lat' dir='ltr'>‘circum</span> <span class='ocrx_word' id='word_1_96' title='bbox 686 2177 765 2219; x_wconf 90' lang='lat' dir='ltr'>cava</span> <span class='ocrx_word' id='word_1_97' title='bbox 781 2168 925 2239; x_wconf 89' lang='lat' dir='ltr'>tempora</span> <span class='ocrx_word' id='word_1_98' title='bbox 940 2156 1083 2238; x_wconf 84' lang='lat' dir='ltr'>glandes.</span> 
     </span>
     <span class='ocr_line' id='line_1_17' title="bbox 170 2260 1021 2343; baseline 0.001 -20"><span class='ocrx_word' id='word_1_99' title='bbox 170 2261 266 2340; x_wconf 85' lang='lat' dir='ltr'>Isque</span> <span class='ocrx_word' id='word_1_100' title='bbox 283 2260 380 2322; x_wconf 88' lang='lat' dir='ltr'>deum</span> <span class='ocrx_word' id='word_1_101' title='bbox 397 2260 519 2342; x_wconf 91' lang='lat' dir='ltr'>pecoris</span> <span class='ocrx_word' id='word_1_102' title='bbox 534 2269 690 2343; x_wconf 83' lang='lat' dir='ltr'>spectans,</span> <span class='ocrx_word' id='word_1_103' title='bbox 710 2263 767 2324; x_wconf 88' lang='lat' dir='ltr'>‘In</span> <span class='ocrx_word' id='word_1_104' title='bbox 780 2260 912 2342; x_wconf 85' lang='lat' dir='ltr'>judice,’</span> <span class='ocrx_word' id='word_1_105' title='bbox 928 2262 1021 2341; x_wconf 85' lang='lat' dir='ltr'>dixit,</span> 
     </span>
     <span class='ocr_line' id='line_1_18' title="bbox 171 2363 1081 2447; baseline 0.003 -22"><span class='ocrx_word' id='word_1_106' title='bbox 171 2363 289 2426; x_wconf 79' lang='lat' dir='ltr'>‘Nulla</span> <span class='ocrx_word' id='word_1_107' title='bbox 303 2384 392 2426; x_wconf 89' lang='lat' dir='ltr'>mora</span> <span class='ocrx_word' id='word_1_108' title='bbox 406 2367 476 2427; x_wconf 81' lang='lat' dir='ltr'>est’</span> <span class='ocrx_word' id='word_1_109' title='bbox 524 2365 664 2428; x_wconf 75' lang='lat' dir='ltr'>Calamis</span> <span class='ocrx_word' id='word_1_110' title='bbox 680 2368 858 2447; x_wconf 87' lang='lat' dir='ltr'>agrestibus</span> <span class='ocrx_word' id='word_1_111' title='bbox 875 2367 1000 2428; x_wconf 88' lang='lat' dir='ltr'>insonat</span> <span class='ocrx_word' id='word_1_112' title='bbox 1017 2365 1081 2446; x_wconf 93' lang='lat' dir='ltr'>ille,</span> 
     </span>
     <span class='ocr_line' id='line_1_19' title="bbox 171 2469 1020 2556; baseline 0.001 -24"><span class='ocrx_word' id='word_1_113' title='bbox 171 2469 405 2550; x_wconf 87' lang='lat' dir='ltr'>Barbaricoque</span> <span class='ocrx_word' id='word_1_114' title='bbox 423 2469 532 2533; x_wconf 88' lang='lat' dir='ltr'>Midan</span> <span class='ocrx_word' id='word_1_115' title='bbox 549 2470 672 2552; x_wconf 91' lang='lat' dir='ltr'>(aderat</span> <span class='ocrx_word' id='word_1_116' title='bbox 688 2490 763 2532; x_wconf 87' lang='lat' dir='ltr'>nam</span> <span class='ocrx_word' id='word_1_117' title='bbox 779 2470 859 2533; x_wconf 73' lang='lat' dir='ltr'>forte</span> <span class='ocrx_word' id='word_1_118' title='bbox 875 2471 1020 2556; x_wconf 87' lang='lat' dir='ltr'>canenti)</span> 
     </span>
     <span class='ocr_line' id='line_1_20' title="bbox 174 2575 1006 2639; baseline -0.001 -1"><span class='ocrx_word' id='word_1_119' title='bbox 174 2576 322 2639; x_wconf 80' lang='lat' dir='ltr'>Carmine</span> <span class='ocrx_word' id='word_1_120' title='bbox 339 2575 467 2638; x_wconf 88' lang='lat' dir='ltr'>delenit.</span> <span class='ocrx_word' id='word_1_121' title='bbox 515 2575 592 2636; x_wconf 90' lang='lat' dir='ltr'>Post</span> <span class='ocrx_word' id='word_1_122' title='bbox 608 2576 695 2637; x_wconf 90' lang='lat' dir='ltr'>hunc</span> <span class='ocrx_word' id='word_1_123' title='bbox 712 2594 798 2636; x_wconf 88' lang='lat' dir='ltr'>sacer</span> <span class='ocrx_word' id='word_1_124' title='bbox 814 2595 868 2636; x_wconf 90' lang='lat' dir='ltr'>ora</span> <span class='ocrx_word' id='word_1_125' title='bbox 883 2576 1006 2637; x_wconf 88' lang='lat' dir='ltr'>retorsit</span> 
     </span>
     <span class='ocr_line' id='line_1_21' title="bbox 173 2679 1089 2760; baseline -0.002 -16"><span class='ocrx_word' id='word_1_126' title='bbox 173 2680 313 2744; x_wconf 87' lang='lat' dir='ltr'>Tmolus</span> <span class='ocrx_word' id='word_1_127' title='bbox 328 2681 368 2743; x_wconf 92' lang='lat' dir='ltr'>ad</span> <span class='ocrx_word' id='word_1_128' title='bbox 383 2700 420 2744; x_wconf 89' lang='lat' dir='ltr'>os</span> <span class='ocrx_word' id='word_1_129' title='bbox 435 2680 569 2760; x_wconf 84' lang='lat' dir='ltr'>Phoebi3</span> <span class='ocrx_word' id='word_1_130' title='bbox 593 2679 721 2742; x_wconf 89' lang='lat' dir='ltr'>vultum</span> <span class='ocrx_word' id='word_1_131' title='bbox 738 2699 795 2741; x_wconf 89' lang='lat' dir='ltr'>sua</span> <span class='ocrx_word' id='word_1_132' title='bbox 810 2679 891 2741; x_wconf 90' lang='lat' dir='ltr'>silva</span> <span class='ocrx_word' id='word_1_133' title='bbox 907 2691 1016 2742; x_wconf 87' lang='lat' dir='ltr'>secuta</span> <span class='ocrx_word' id='word_1_134' title='bbox 1031 2689 1089 2742; x_wconf 90' lang='lat' dir='ltr'>est.</span> 
     </span>
     <span class='ocr_line' id='line_1_22' title="bbox 171 2783 951 2867; baseline -0.003 -17"><span class='ocrx_word' id='word_1_135' title='bbox 171 2785 242 2866; x_wconf 91' lang='lat' dir='ltr'>Ille,</span> <span class='ocrx_word' id='word_1_136' title='bbox 259 2796 355 2867; x_wconf 90' lang='lat' dir='ltr'>caput</span> <span class='ocrx_word' id='word_1_137' title='bbox 370 2785 490 2848; x_wconf 88' lang='lat' dir='ltr'>flavum</span> <span class='ocrx_word' id='word_1_138' title='bbox 506 2784 594 2848; x_wconf 89' lang='lat' dir='ltr'>lauro</span> <span class='ocrx_word' id='word_1_139' title='bbox 610 2783 796 2847; x_wconf 89' lang='lat' dir='ltr'>Parnasside</span> <span class='ocrx_word' id='word_1_140' title='bbox 812 2785 951 2862; x_wconf 86' lang='lat' dir='ltr'>vinctus,</span> 
     </span>
     <span class='ocr_line' id='line_1_23' title="bbox 172 2889 948 2973; baseline -0.001 -19"><span class='ocrx_word' id='word_1_141' title='bbox 172 2892 276 2954; x_wconf 88' lang='lat' dir='ltr'>Verrit</span> <span class='ocrx_word' id='word_1_142' title='bbox 292 2892 429 2953; x_wconf 88' lang='lat' dir='ltr'>humum</span> <span class='ocrx_word' id='word_1_143' title='bbox 446 2891 550 2972; x_wconf 85' lang='lat' dir='ltr'>Tyrio</span> <span class='ocrx_word' id='word_1_144' title='bbox 566 2893 705 2956; x_wconf 71' lang='lat' dir='ltr'>saturati</span> <span class='ocrx_word' id='word_1_145' title='bbox 719 2890 839 2960; x_wconf 90' lang='lat' dir='ltr'>murice</span> <span class='ocrx_word' id='word_1_146' title='bbox 856 2889 948 2973; x_wconf 73' lang='lat' dir='ltr'>palli,</span> 
     </span>
     <span class='ocr_line' id='line_1_24' title="bbox 170 2993 1023 3078; baseline 0.001 -21"><span class='ocrx_word' id='word_1_147' title='bbox 170 2993 431 3076; x_wconf 87' lang='lat' dir='ltr'>Distinctamque</span> <span class='ocrx_word' id='word_1_148' title='bbox 447 2996 549 3078; x_wconf 88' lang='lat' dir='ltr'>lyram</span> <span class='ocrx_word' id='word_1_149' title='bbox 565 2995 703 3078; x_wconf 88' lang='lat' dir='ltr'>gemmis</span> <span class='ocrx_word' id='word_1_150' title='bbox 719 3006 751 3058; x_wconf 88' lang='lat' dir='ltr'>et</span> <span class='ocrx_word' id='word_1_151' title='bbox 767 2995 918 3058; x_wconf 88' lang='lat' dir='ltr'>dentibus</span> <span class='ocrx_word' id='word_1_152' title='bbox 934 2995 1023 3059; x_wconf 90' lang='lat' dir='ltr'>Indis</span> 
     </span>
     <span class='ocr_line' id='line_1_25' title="bbox 176 3098 1026 3183; baseline 0 -21"><span class='ocrx_word' id='word_1_153' title='bbox 176 3098 320 3164; x_wconf 83' lang='lat' dir='ltr'>Sustinet</span> <span class='ocrx_word' id='word_1_154' title='bbox 335 3121 355 3163; x_wconf 89' lang='lat' dir='ltr'>a</span> <span class='ocrx_word' id='word_1_155' title='bbox 370 3101 474 3178; x_wconf 76' lang='lat' dir='ltr'>laevd3</span> <span class='ocrx_word' id='word_1_156' title='bbox 498 3101 602 3164; x_wconf 89' lang='lat' dir='ltr'>tenuit</span> <span class='ocrx_word' id='word_1_157' title='bbox 617 3119 733 3166; x_wconf 87' lang='lat' dir='ltr'>manus</span> <span class='ocrx_word' id='word_1_158' title='bbox 748 3101 846 3167; x_wconf 82' lang='lat' dir='ltr'>altera</span> <span class='ocrx_word' id='word_1_159' title='bbox 862 3100 1026 3183; x_wconf 89' lang='lat' dir='ltr'>plectrum.</span> 
     </span>
     <span class='ocr_line' id='line_1_26' title="bbox 174 3203 1006 3290; baseline -0.002 -22"><span class='ocrx_word' id='word_1_160' title='bbox 174 3205 316 3269; x_wconf 83' lang='lat' dir='ltr'>Artificis</span> <span class='ocrx_word' id='word_1_161' title='bbox 331 3217 433 3269; x_wconf 86' lang='lat' dir='ltr'>status</span> <span class='ocrx_word' id='word_1_162' title='bbox 449 3205 517 3290; x_wconf 90' lang='lat' dir='ltr'>ipse</span> <span class='ocrx_word' id='word_1_163' title='bbox 532 3203 604 3268; x_wconf 84' lang='lat' dir='ltr'>fuit.</span> <span class='ocrx_word' id='word_1_164' title='bbox 652 3205 743 3270; x_wconf 85' lang='lat' dir='ltr'>Turn</span> <span class='ocrx_word' id='word_1_165' title='bbox 758 3205 896 3272; x_wconf 88' lang='lat' dir='ltr'>stamina</span> <span class='ocrx_word' id='word_1_166' title='bbox 910 3204 1006 3268; x_wconf 87' lang='lat' dir='ltr'>docto</span> 
     </span>
     <span class='ocr_line' id='line_1_27' title="bbox 170 3307 951 3394; baseline -0.003 -20"><span class='ocrx_word' id='word_1_167' title='bbox 170 3307 293 3374; x_wconf 87' lang='lat' dir='ltr'>Pollice</span> <span class='ocrx_word' id='word_1_168' title='bbox 309 3311 479 3375; x_wconf 89' lang='lat' dir='ltr'>sollicitat:</span> <span class='ocrx_word' id='word_1_169' title='bbox 502 3329 637 3393; x_wconf 91' lang='lat' dir='ltr'>quorum</span> <span class='ocrx_word' id='word_1_170' title='bbox 653 3309 823 3375; x_wconf 85' lang='lat' dir='ltr'>dulcedine</span> <span class='ocrx_word' id='word_1_171' title='bbox 839 3321 951 3394; x_wconf 87' lang='lat' dir='ltr'>captus</span> 
     </span>
     <span class='ocr_line' id='line_1_28' title="bbox 169 3412 1013 3498; baseline -0.004 -19"><span class='ocrx_word' id='word_1_172' title='bbox 169 3413 260 3479; x_wconf 87' lang='lat' dir='ltr'>Pana</span> <span class='ocrx_word' id='word_1_173' title='bbox 272 3412 365 3498; x_wconf 88' lang='lat' dir='ltr'>jubet</span> <span class='ocrx_word' id='word_1_174' title='bbox 382 3414 521 3479; x_wconf 72' lang='lat' dir='ltr'>&#39;l&#39;molus</span> <span class='ocrx_word' id='word_1_175' title='bbox 536 3414 667 3479; x_wconf 74' lang='lat' dir='ltr'>citharae</span> <span class='ocrx_word' id='word_1_176' title='bbox 683 3415 869 3479; x_wconf 89' lang='lat' dir='ltr'>submittere</span> <span class='ocrx_word' id='word_1_177' title='bbox 885 3433 1013 3477; x_wconf 89' lang='lat' dir='ltr'>cannas.</span> 
     </span>
    </p>

    <p class='ocr_par' dir='ltr' id='par_1_5' title="bbox 170 3514 1049 3709">
     <span class='ocr_line' id='line_1_29' title="bbox 215 3514 990 3604; baseline -0.003 -20"><span class='ocrx_word' id='word_1_178' title='bbox 215 3523 235 3584; x_wconf 89' lang='lat' dir='ltr'>J</span> <span class='ocrx_word' id='word_1_179' title='bbox 239 3514 382 3584; x_wconf 78' lang='lat' dir='ltr'>udiciun&#39;r</span> <span class='ocrx_word' id='word_1_180' title='bbox 397 3522 562 3600; x_wconf 84' lang='lat' dir='ltr'>sanctique</span> <span class='ocrx_word' id='word_1_181' title='bbox 579 3520 682 3604; x_wconf 84' lang='lat' dir='ltr'>placet</span> <span class='ocrx_word' id='word_1_182' title='bbox 698 3522 856 3586; x_wconf 87' lang='lat' dir='ltr'>sententia</span> <span class='ocrx_word' id='word_1_183' title='bbox 870 3518 990 3583; x_wconf 90' lang='lat' dir='ltr'>montis</span> 
     </span>
     <span class='ocr_line' id='line_1_30' title="bbox 170 3624 1049 3709; baseline 0.003 -21"><span class='ocrx_word' id='word_1_184' title='bbox 170 3625 353 3708; x_wconf 84' lang='lat' dir='ltr'>Omnibns;</span> <span class='ocrx_word' id='word_1_185' title='bbox 377 3627 521 3709; x_wconf 88' lang='lat' dir='ltr'>arguitur</span> <span class='ocrx_word' id='word_1_186' title='bbox 535 3638 654 3704; x_wconf 89' lang='lat' dir='ltr'>tamen,</span> <span class='ocrx_word' id='word_1_187' title='bbox 671 3638 766 3705; x_wconf 88' lang='lat' dir='ltr'>atque</span> <span class='ocrx_word' id='word_1_188' title='bbox 783 3624 902 3706; x_wconf 86' lang='lat' dir='ltr'>injusta</span> <span class='ocrx_word' id='word_1_189' title='bbox 916 3643 1049 3692; x_wconf 87' lang='lat' dir='ltr'>vocatur</span> 
     </span>
    </p>
   </div>
   <div class='ocr_carea' id='block_1_4' title="bbox 170 3729 924 3899">
    <p class='ocr_par' dir='ltr' id='par_1_6' title="bbox 170 3729 924 3899">
     <span class='ocr_line' id='line_1_31' title="bbox 170 3729 924 3798; baseline -0.003 -4"><span class='ocrx_word' id='word_1_190' title='bbox 170 3729 280 3798; x_wconf 85' lang='lat' dir='ltr'>Unius</span> <span class='ocrx_word' id='word_1_191' title='bbox 295 3748 442 3796; x_wconf 83' lang='lat' dir='ltr'>sermono</span> <span class='ocrx_word' id='word_1_192' title='bbox 456 3731 564 3795; x_wconf 76' lang='lat' dir='ltr'>Mida.</span> <span class='ocrx_word' id='word_1_193' title='bbox 611 3729 679 3794; x_wconf 88' lang='lat' dir='ltr'>Nec</span> <span class='ocrx_word' id='word_1_194' title='bbox 696 3729 809 3794; x_wconf 88' lang='lat' dir='ltr'>Delius</span> <span class='ocrx_word' id='word_1_195' title='bbox 824 3749 924 3796; x_wconf 83' lang='lat' dir='ltr'>eures¹</span> 
     </span>
     <span class='ocr_line' id='line_1_32' title="bbox 490 3837 562 3899; baseline -0.014 0"><span class='ocrx_word' id='word_1_196' title='bbox 490 3838 529 3899; x_wconf 84' lang='lat'>10</span> <span class='ocrx_word' id='word_1_197' title='bbox 542 3837 562 3876; x_wconf 53' lang='grc' dir='ltr'><strong>θ</strong></span> 
     </span>
    </p>
   </div>
   <div class='ocr_carea' id='block_1_5' title="bbox 0 0 1322 4178">
    <p class='ocr_par' dir='ltr' id='par_1_7' title="bbox 0 0 1322 4178">
     <span class='ocr_line' id='line_1_33' title="bbox 0 0 1322 4178; baseline 0 1"><span class='ocrx_word' id='word_1_198' title='bbox 0 0 1322 4178; x_wconf 95' lang='lat' dir='ltr'> </span> 
     </span>
    </p>
   </div>
  </div>
 </body>
</html>
