2636 4178
488 271 490 280 .
601 235 700 286 Booti
721 233 820 291 XIII„

176 388 329 453 Pondere
343 399 433 463 tanta
447 389 538 469 feret,
555 409 615 453 nec
631 409 697 453 non
713 409 847 454 onerosa
862 393 1032 472 gravisque
1062 432 1068 440 -

176 495 286 559 Pelias
301 515 370 558 esse
386 506 489 578 potest
505 495 689 558 imbellibus
705 497 797 559 hasta
811 496 937 559 lacertis
950 518 959 576 ;

179 599 248 664 Nec
264 601 410 682 clypeus,
427 601 511 663 vasti
526 601 659 664 caelatus
675 601 815 682 imagine
831 602 954 682 mundi,
1118 582 1120 596 ’
1156 603 1217 667 110

184 704 361 768 Conveniet
377 703 500 768 timidae
516 713 663 786 nataque
680 706 720 768 ad
737 705 824 770 surta'
835 707 979 770 sinistrae.
1067 755 1072 775 2

187 800 433 873 Debilitaturum
449 811 528 890 quid
543 821 575 874 te
592 812 683 894 petis,
699 811 854 894 improbe,
872 814 1014 875 munus?
1123 794 1129 805 ’

185 905 282 985 Quod
298 915 358 978 tibi
373 915 400 978 si
418 915 527 998 populi
542 916 708 980 donaverit
723 937 807 980 error
822 918 950 997 Achivi,

182 1021 248 1084 Gur
262 1019 415 1102 spolieris,
438 1019 509 1096 erit,
535 1025 611 1098 nori,
627 1041 685 1084 eur
700 1023 852 1084 metuaris
867 1023 907 1084 ab
924 1023 1026 1086 hoste.

179 1124 225 1186 Et
241 1123 329 1206 fuga,
346 1125 409 1206 qula
424 1125 492 1188 sold
506 1136 650 1205 cunctos,
668 1126 879 1206 timidissime,
896 1128 1009 1208 vincis,
1154 1128 1217 1190 115

178 1229 292 1292 Tarda
307 1229 413 1293 sutura
428 1211 487 1292 tibi
502 1243 561 1307 est,
578 1231 756 1312 gestamina
770 1243 860 1294 tanta
876 1234 1023 1296 trahenti.

182 1334 284 1414 Adde,
301 1334 386 1416 quod
402 1335 461 1398 iste
478 1347 562 1414 tuus,
580 1347 645 1398 tam
662 1335 729 1398 rard
745 1337 856 1418 proelia
872 1357 990 1418 passus,

185 1443 310 1522 Integer
325 1450 373 1502 est
388 1440 522 1522 clypeus
536 1461 543 1519 ;
567 1451 684 1520 nostro,
702 1443 756 1520 qui
772 1441 837 1503 tela
851 1439 983 1504 serendo

185 1546 275 1610 'Mille
290 1556 374 1627 patet
390 1545 501 1628 plagis,
518 1563 622 1607 novus
637 1556 686 1608 est
702 1557 866 1608 successor
882 1546 1059 1609 habendus.

231 1651 383 1731 Denique,
394 1649 472 1730 quid
484 1650 590 1712 verbis
606 1671 686 1732 opus
700 1651 771 1712 est?
795 1661 975 1733 spectemur
990 1649 1134 1733 agendo:
1155 1651 1218 1714 120

182 1759 279 1824 Arma
294 1743 355 1819 viri
370 1756 462 1819 fortis
475 1754 599 1818 medios
615 1756 784 1819 mittantur
799 1757 832 1818 in
849 1758 958 1819 hostes
972 1777 993 1835 ;·

179 1861 259 1927 Inde
272 1860 384 1942 jubete
398 1860 475 1948 peti,
491 1871 524 1923 et
539 1859 729 1925 referentem
745 1873 854 1926 ornate
870 1861 998 1925 relatis)

520 2127 647 2170 SPEECH
671 2128 710 2170 ΟΕ
734 2129 880 2174 onustae.

226 2281 368 2345 Finierat
386 2282 564 2345 Telamone
581 2295 679 2363 satus,
696 2284 849 2366 vulgique
866 2293 1014 2347 secutum

180 2388 304 2452 Ultima
319 2405 462 2450 murmur
477 2397 562 2468 erat;
587 2387 689 2451 donec
706 2389 853 2451 Laertius
870 2390 963 2452 heros

180 2493 323 2570 Adstitit,
340 2503 435 2572 atque
452 2492 563 2554 oculos
580 2492 708 2573 paulurn
726 2493 837 2555 tellure
854 2491 1217 2555 moratos125

181 2596 320 2660 Sustulit
335 2598 376 2659 ad
393 2617 545 2679 proceres,
562 2609 812 2678 exspectatoque
829 2597 959 2659 resolvit

181 2703 245 2764 Ora
260 2722 357 2782 sono;
381 2721 486 2783 neque
502 2702 593 2764 abest
608 2700 758 2764 facundis
774 2702 874 2784 gratia
889 2700 994 2764 dictis.

227 2807 284 2870 ‘Si
299 2827 371 2870 mea
386 2827 461 2870 cum
477 2807 590 2869 vestris
607 2806 783 2870 valuissent
798 2819 883 2886 vota,
901 2807 1038 2890 Pelasgi,
1106 2821 1108 2826 ’

180 2910 254 2974 Νοη
270 2912 351 2975 foret
366 2913 539 2993 ambiguus
554 2913 635 2975 tanti
650 2913 833 2976 certaminis
848 2915 950 2992 heres,
979 2920 981 2926 ’

182 3017 503 3098 Tuque-tuisarmis,
520 3028 626 3080 noste
643 3019 833 3100 poteremur,
851 3018 987 3082 Achille.
1157 3017 1219 3081 130
1278 3027 1283 3040 “

182 3123 292 3191 Quem
308 3123 459 3202 quoniam
477 3141 543 3184 non
558 3141 651 3203 mque
665 3124 747 3186 mihi
762 3125 917 3204 vobisque
934 3124 1091 3204 negarunt

180 3229 285 3306 Fata,'
303 3227 479 3309 (manuque
495 3226 591 3290 simul
607 3227 710 3292 veluti
725 3228 935 3310 lacrymantia
950 3228 1040 3290 tersit

179 3333 349 3419 Lumina)
367 3332 456 3412 ‘quis
472 3333 585 3396 melitis
599 3353 718 3416 magno
734 3333 884 3396 succedat
901 3333 1031 3411 Achilli,

179 3437 293 3506 Quem
309 3457 363 3520 per
379 3455 474 3517 quem
492 3437 613 3502 Danais
630 3459 767 3520 magnus
783 3438 936 3500 successit
953 3438 1119 3500 Achilles?

179 3543 270 3607 Huic
288 3542 384 3606 modd
400 3561 439 3604 ne
456 3545 564 3624 prosit,
580 3543 676 3623 quod,
693 3554 730 3606 ut
745 3554 804 3622 est,
822 3544 921 3605 hebes
936 3563 1005 3606 esse
1023 3543 1168 3622 videtum

179 3649 271 3714 Neve
287 3647 369 3712 mihi
384 3659 509 3728 noceat,
525 3648 611 3731 qudd
628 3649 720 3713 vobis
736 3668 871 3731 semper,
888 3649 1016 3728 Achivi,
1155 3647 1217 3711 136

494 3755 535 3817 12
