2636 4178
399 271 515 324 omre
537 273 857 326 METAMORPHOSES.

400 589 479 630 ANTS
504 589 658 631 CHANGED
683 589 758 631 mro
782 589 858 632 ΜΕΝ.

565 757 595 798 v.
621 735 694 799 614.

159 859 345 923 ‘Attonitus
361 870 450 922 tanto
467 859 653 921 miserarum
668 858 794 920 turbine
811 877 925 936 rerum,

114 972 133 1004 “
143 966 290 1047 Jupiter?
314 967 366 1043 o,”
383 964 461 1043 dixi,
480 965 535 1026 “si
552 983 617 1026 non
633 964 731 1046 pudet
747 983 816 1027 esse
833 973 1007 1045 parentem,
1082 961 1150 1025 235

112 1071 180 1134 Aut
195 1070 275 1134 mihi
292 1069 389 1132 redde
406 1089 505 1147 mene,
522 1080 577 1132 aut
593 1089 646 1132 me
663 1069 789 1150 quimue
805 1067 908 1130 conde
925 1067 1104 1150 sepulcro.'’
1180 1143 1184 1150 .

113 1175 172 1238 Illo
189 1185 298 1236 notam
314 1173 438 1256 fulgore
455 1174 544 1236 dedit
561 1175 743 1254 tonitruque
760 1172 911 1236 seeundo.

115 1285 134 1319 “
143 1279 286 1360 Accipio,
304 1280 430 1359 sintque
447 1280 508 1341 ista
524 1299 632 1361 precor
646 1279 754 1341 felicia
769 1279 886 1340 mentis

115 1385 217 1466 Signa
232 1396 296 1448 tuae
308 1385 315 1446 ἔ
329 1387 348 1419 ”
363 1384 452 1447 dixi:
478 1392 497 1424 “
508 1384 595 1464 quod
610 1385 668 1446 das
684 1384 774 1462 mihi,
793 1383 940 1465 pigneror
955 1384 1085 1446 omen.'’

159 1490 257 1552 Forte
273 1488 335 1552 suit
349 1487 444 1570 juxti
462 1489 578 1570 patulis
594 1489 752 1551 rarissima
767 1488 862 1550 ramis
1084 1486 1151 1550 240

114 1595 213 1658 Sacra
227 1594 301 1658 vai
318 1615 452 1676 quercus
467 1595 507 1657 de
524 1595 646 1657 semine
664 1593 839 1657 Dodonaeo.
1247 1580 1248 1586 ἵ

113 1700 178 1764 Hic
194 1721 253 1764 nos
268 1699 443 1783 frugilegas
458 1702 642 1782 aspeximus
658 1700 787 1781 agmine
803 1699 901 1780 longo

112 1806 241 1868 Grande
258 1826 339 1869 onus
355 1807 474 1887 exiguo
489 1804 639 1868 formicas
654 1824 707 1867 ore
723 1815 879 1885 gerentes,

114 1911 313 1991 Rugosoque
330 1899 429 1973 suum
441 1920 605 1972 servantes
620 1909 737 1972 cortice
753 1909 877 1971 callem.

113 2016 201 2078 Dum
214 2034 384 2078 numerum
398 2014 502 2093 miror,
516 2021 534 2052 ‘⁸
546 2013 713 2092 Totidem,
726 2025 812 2096 pater
824 2015 978 2094 optime,'’
988 2012 1066 2091 dixi,
1082 2009 1149 2074 245

114 2120 200 2182 “Tu
218 2120 300 2181 mihi
314 2118 356 2180 da
370 2120 468 2195 cives,
486 2130 518 2180 et
534 2118 643 2181 inania
657 2118 777 2180 moenia
792 2117 937 2200 supple.”

112 2223 293 2302 Intremuit,
310 2224 469 2304 ramisque
485 2242 601 2288 sonum
617 2222 686 2286 sine
702 2223 831 2286 flamine
847 2223 944 2285 motis

113 2329 189 2391 Alta
203 2327 291 2391 dedit
308 2347 453 2409 quercus.
501 2328 623 2391 Pavido
639 2328 721 2391 mihi
736 2329 881 2390 membra
895 2328 1009 2392 timore

113 2435 320 2512 Horruerant,
337 2435 525 2514 stabantque
541 2453 653 2496 cornae.
701 2433 830 2496 Tamen
846 2433 956 2496 oscula
971 2441 1061 2496 terrae

113 2537 358 2618 Roboribusque
374 2539 449 2602 dedi
463 2560 471 2619 ς
496 2559 556 2602 nec
573 2559 624 2602 mc
641 2558 763 2622 sperare
779 2537 919 2616 fatebar3
1008 2540 1013 2546 '
1083 2537 1151 2600 250

114 2642 288 2725 Sperabam
305 2656 423 2723 tamen,
440 2651 536 2725 atque
552 2646 661 2707 enirno
677 2664 750 2706 mea
764 2655 841 2706 vota
856 2642 1015 2706 fovebam.

157 2748 231 2810 Nox
246 2749 342 2827 subit,
360 2761 391 2812 et
407 2751 492 2812 curis
508 2749 650 2812 exercita
665 2768 796 2830 corpora
810 2767 943 2810 somnus

114 2853 268 2934 Occupat.
317 2855 400 2915 Ante
416 2853 528 2915 oculos
543 2853 656 2916 eedem
671 2853 752 2915 mihi
768 2871 903 2933 quercus
918 2851 1038 2931 adesse,

114 2956 158 3019 Et
174 2976 278 3019 ramos
294 2956 438 3035 totidem,
455 2957 652 3038 totidemque
668 2957 818 3020 animalia
832 2958 928 3020 ramis

117 3061 211 3124 Ferre
228 3062 294 3124 suis
309 3061 378 3123 visa
393 3073 452 3136 est,
470 3062 647 3143 pariterque
664 3063 845 3124 tremiscere
863 3073 963 3140 motu,
1083 3061 1151 3125 255

113 3165 380 3245 Graniferumque
397 3187 514 3248 agmen
531 3165 684 3246 subjectis
700 3187 845 3249 spargere
862 3167 896 3228 in
911 3168 1005 3246 arvis,

113 3273 262 3334 Crescere
279 3271 364 3352 quod
380 3272 495 3350 subito,
512 3284 543 3335 et
560 3271 664 3352 majus
681 3267 847 3352 majusque
865 3271 976 3351 videri,

113 3378 160 3440 Ac
177 3397 210 3438 se
227 3375 336 3438 tollere
353 3377 464 3456 humo,
481 3390 630 3457 rectoque
647 3379 791 3440 assistere
809 3390 931 3456 trunco,

114 3481 157 3544 Et
175 3482 311 3544 maciem
328 3500 561 3564 numerumque
578 3483 695 3565 pedurn
713 3483 904 3564 nigrumque
921 3481 1061 3544 ociorem

112 3585 245 3663 Ponere,
262 3599 295 3648 et
312 3586 487 3650 humanam
502 3587 656 3650 membris
672 3587 822 3650 inducere
839 3586 985 3650 formam.
1084 3583 1152 3649 260

114 3688 256 3752 Somnus
270 3690 358 3754 abit:
383 3691 500 3754 damno
517 3692 656 3775 vigilans
673 3711 745 3754 mea
760 3693 839 3772 viso,
856 3709 1034 3772 querorque
