2636 4178
386 279 531 332 nersrna
554 279 600 331 or
622 280 749 332 neuen
770 282 816 332 ro
838 279 960 332 tason,
1129 258 1192 325 173

150 437 281 521 Accipit
296 437 437 518 hospitio
450 433 588 515 juvenes
604 435 699 498 AEeta
714 437 876 518 Pelasgos,

198 543 241 606 Et
259 541 403 625 premitis
419 552 521 624 pictos
537 561 668 624 corpora
684 541 781 603 Graia
797 551 891 604 toros.
1148 539 1193 604 30

155 645 253 710 Tunc
268 665 331 728 ego
348 655 379 708 te
395 646 483 724 vidi;
507 656 584 709 tunc
600 647 684 729 coepi
699 647 779 709 scire
795 645 872 727 quid
888 665 994 728 esses3

202 751 260 815 Illa
273 750 336 813 suit
353 751 469 814 mentis
487 751 586 833 prima
601 752 693 814 ruina
707 771 799 814 meaa.
918 742 920 747 ¹

159 855 204 919 Et
219 855 294 934 vidi,
310 867 342 917 et
360 855 448 937 perii,
465 875 524 918 nec
541 857 625 919 notis
641 856 771 938 ignibus
786 857 867 937 arsi;

200 960 299 1024 Ardet
315 970 350 1022 ut
366 959 407 1022 ad
422 979 558 1042 magnos
574 961 669 1043 pinea
684 961 768 1024 taeda
782 961 870 1026 deos.

156 1066 201 1129 Et
217 1064 375 1128 formosus
390 1083 468 1143 eras,
485 1075 518 1127 et
533 1084 585 1128 me
601 1085 674 1128 mea
689 1064 754 1129 fata
770 1068 937 1130 trahebant
950 1087 958 1130 τ

198 1169 406 1235 Abstulerant
421 1170 508 1233 oculi
522 1169 647 1234 lumina
661 1183 769 1234 nostra
784 1173 841 1235 tui.

152 1274 291 1355 Perfide,
307 1275 455 1338 sensisti:
479 1275 551 1355 quis
566 1277 654 1339 enirn
670 1277 753 1340 bene
768 1277 851 1339 celet
866 1279 1032 1342 amorem?

200 1380 333 1443 Eminet
349 1379 468 1442 indicio
484 1379 608 1462 prodita
622 1381 753 1444 flamma
768 1402 836 1444 suo.

159 1483 294 1548 Dixerat
310 1485 431 1548 interea
445 1485 505 1548 tibi
521 1505 587 1564 rex,
605 1497 640 1548 nt
655 1485 734 1548 dura
749 1484 889 1550 ferorum

205 1590 334 1654 Insolito
350 1610 509 1673 premeres
526 1610 655 1653 vomere
670 1590 754 1653 colla
769 1591 879 1654 boum.

160 1695 269 1778 Martis
282 1706 371 1758 erant
387 1697 478 1774 tauri,
495 1693 567 1778 piris
582 1696 678 1776 quarn
694 1715 749 1777 per
764 1715 884 1759 cornua
899 1695 987 1775 saevi,

202 1800 352 1868 Quorum
367 1801 515 1864 terribilis
530 1800 658 1883 spiritus
674 1801 758 1883 ignis
773 1812 858 1881 erat;

154 1905 231 1970 AEre
249 1905 346 1988 pedes
360 1905 464 1984 solidi,
482 1915 696 1988 praetentaque
713 1906 842 1969 naribus
858 1925 943 1986 cera3

200 2012 300 2093 Nigra
315 2011 371 2092 per
384 2011 510 2074 afflatus
526 2011 595 2072 haec
612 2010 737 2090 quoque
754 2009 839 2074 sacta
854 2031 938 2074 suos.

160 2115 294 2179 Semina
308 2127 468 2199 praeterea,
485 2116 620 2199 populos
635 2117 790 2198 genitura,
804 2115 927 2196 juberis

202 2222 356 2304 Spargere
372 2221 491 2284 devotis
505 2221 570 2283 lata
585 2241 639 2303 per
654 2242 729 2284 arva
744 2241 853 2300 manu,

156 2327 226 2395 Qui
244 2336 384 2408 peterent
400 2326 484 2388 natis
499 2346 610 2390 secum
627 2336 682 2388 tua
697 2346 827 2409 corpora
843 2327 932 2390 telis:

203 2431 262 2494 Illa
276 2443 324 2494 est
339 2430 487 2512 agricolae
504 2432 615 2494 messis
631 2430 741 2510 iniqua
756 2450 823 2493 suo.

157 2537 298 2600 Lumine
312 2536 464 2614 custodis,
481 2534 689 2598 succumbere
707 2535 816 2611 nescia
830 2554 954 2613 somno,

205 2641 345 2705 Ultimus
359 2651 408 2704 est
424 2640 532 2721 atiquo
545 2639 690 2722 decipere
706 2649 773 2700 arte
790 2639 888 2701 labor.

158 2747 290 2809 Dixerat
306 2745 438 2825 AEetes3
462 2744 568 2807 nroesti
585 2743 778 2826 consurgitis
793 2763 915 2823 omnes,

203 2852 378 2931 Mensaque
396 2869 568 2933 purpureos
583 2849 700 2912 deserit
716 2843 787 2912 alta
797 2860 890 2912 toros.

158 2957 270 3025 Quum
286 2956 345 3019 tibi
362 2967 439 3020 tunc
455 2955 552 3037 longe
568 2973 702 3036 regnum
718 2953 824 3017 dotale
841 2955 979 3036 Oreiisae,

204 3061 247 3123 Et
262 3080 360 3140 socer,
376 3071 410 3123 et
425 3060 535 3142 magni
551 3071 627 3123 nata
641 3059 790 3123 Creontis
805 3063 914 3123 erant!

160 3164 277 3229 'Pristis
291 3166 360 3229 abis
374 3187 382 3246 ς
406 3165 508 3230 oculis
523 3165 696 3228 abeuntem
712 3183 884 3248 prosequor
898 3164 991 3246 udis;

204 3271 246 3335 Et
261 3271 345 3334 dixit
362 3270 451 3335 tenui
467 3289 628 3333 murmure
644 3269 765 3352 lingua,
784 3269 904 3333 ‘Vale’

157 3375 203 3440 Ut
219 3378 359 3459 positum
374 3375 468 3458 tetigi
483 3375 624 3439 thalamo
640 3374 723 3438 malie
739 3376 848 3438 saucia
862 3375 994 3454 lectum,

201 3484 283 3545 Acta
297 3493 346 3545 est
364 3501 417 3564 per
431 3480 588 3559 lacrymas
604 3499 670 3544 nox
685 3479 776 3558 mihi,
793 3492 912 3560 quanta
927 3478 998 3544 fuit.

157 3591 244 3654 Ante
260 3586 371 3650 oculos
387 3585 532 3667 taurique
548 3596 664 3664 truces,
680 3595 869 3668 segetesque
886 3582 1044 3665 nefanda,

202 3695 288 3758 Ante
303 3711 393 3757 meos
408 3689 520 3755 oculos
534 3689 670 3774 pervigil
685 3691 803 3774 anguis
817 3702 893 3754 eret.

473 3797 512 3860 15
524 3795 544 3836 *
