2636 4178
595 273 695 326 13001(
715 273 764 324 VI.
817 273 820 280 ’

157 437 188 502 Δ
203 433 325 516 quibus
339 429 380 494 ad
396 429 517 495 eoelum
532 429 667 494 liventia
682 429 812 492 brachia
826 427 971 508 tendens,

162 540 325 616 ‘Pascera
342 536 491 614 erudelis,
507 545 627 614 nostro,
644 525 778 612 Latona,
795 533 913 613 dolore,

165 645 317 721 Pascere,’
333 642 390 721 ait,
409 641 571 720 ‘satisque
587 660 661 702 meo
677 650 734 703 tua
749 649 878 722 pectora
892 639 992 717 luctu,

169 751 289 830 Corque
304 745 410 810 ferum
426 745 527 825 satia‚'
543 745 643 810 dixit:
670 751 743 828 ‘per
757 743 872 808 funera
886 754 1009 826 septem
1137 742 1200 806 135

169 853 308 918 Efferor:
331 851 468 930 exsulta,
484 850 662 932 victrixque
679 850 810 914 inimica
826 850 995 933 triumpha.

167 961 355 1026 (iurantem
367 957 509 1020 victrix?
532 939 655 1020 misere
672 955 753 1019 mihi
768 955 858 1039 plura
872 964 1052 1037 supersunt,

165 1065 276 1134 Quam
291 1063 353 1127 tibi
367 1061 473 1126 felici:
497 1071 568 1144 post
583 1072 630 1126 tot
646 1061 771 1143 qubque
788 1059 899 1124 funera
915 1061 1032 1124 vineo.²

206 1168 343 1232 Dixerat
356 1188 364 1247 3
387 1177 419 1230 et
434 1167 543 1230 sonuit
558 1179 711 1231 contento
727 1187 845 1231 nervus
860 1167 900 1230 ab
916 1187 1002 1247 areu,

160 1275 233 1344 Qui
250 1283 365 1356 praeter
379 1271 506 1335 Nioben
522 1291 620 1335 unam
635 1273 809 1336 conterruit
823 1292 945 1336 omnes.

162 1379 227 1442 ilia
240 1377 326 1442 maio
342 1388 390 1440 est
405 1376 519 1440 audax.
568 1377 704 1440 Stabant
720 1359 795 1439 eum
811 1378 956 1441 vestibus
970 1377 1046 1440 atris

110 1525 115 1534 -
169 1484 255 1545 Ante
269 1492 352 1544 toros
366 1479 498 1544 fratrum
513 1480 652 1544 demisso
669 1482 756 1544 crine
772 1501 902 1545 sorores.

172 1587 204 1650 E
220 1586 332 1667 quibus
345 1606 418 1665 uua,
436 1587 565 1649 trahens
581 1586 737 1648 haerentie
753 1586 873 1648 viscere
889 1585 963 1664 tela,

171 1690 325 1774 Imposito
339 1690 423 1755 fratri
434 1690 629 1754 moribunda
643 1690 802 1773 relanguit
818 1709 881 1754 ore.

166 1796 286 1875 Altera,
302 1797 395 1860 solari
413 1796 563 1860 miseram
578 1807 694 1859 conata
707 1806 884 1878 parentem,

163 1902 331 1966 Conticuit
347 1901 463 1981 subitb,
479 1900 703 1984 duplicataque
721 1901 853 1965 vulnere
869 1921 956 1966 caeco
971 1912 1030 1981 est,

163 2009 291 2089 Oraque
307 2027 373 2070 non
389 2007 510 2089 pressit,
527 2007 589 2069 sibi
605 2017 773 2088 postquam
789 2007 918 2090 spiritus
933 2006 1010 2071 exit.

165 2113 248 2176 Haec
265 2111 380 2174 frustra
394 2110 522 2192 fugiens
536 2111 723 2192 collabitur;
747 2112 802 2174 illa
817 2115 915 2176 sorori

165 2215 369 2280 Immeritur:
393 2215 471 2279 latet
488 2217 575 2296 haee3
600 2217 689 2280 illam
705 2217 860 2300 trepidare
876 2217 1010 2282 videres.

165 2323 299 2402 Sexque
315 2320 398 2384 datis
414 2321 488 2402 lete,
505 2321 691 2404 diversaque
710 2323 842 2386 vulnera
857 2324 967 2405 passis,

165 2428 293 2493 Ultima
306 2427 465 2507 restabat3
490 2447 586 2508 quam
601 2438 670 2498 toto
686 2447 815 2510 corpore
832 2440 941 2506 mater,

167 2533 258 2596 Tota
271 2543 359 2596 veste
375 2542 498 2614 tegens,
518 2533 644 2596 ‘Unam
660 2532 892 2612 minimamque
908 2531 1052 2611 relinque
1068 2552 1076 2611 ς

156 2633 217 2701 'De
234 2636 347 2699 multis
361 2637 531 2700 minimam
547 2639 665 2718 poseo,'
682 2635 843 2715 clamavit,
863 2643 911 2698 ‘et
928 2639 1048 2699 unam!

165 2743 319 2822 Dumque
336 2752 436 2823 rogat,
452 2761 509 2824 pro
525 2739 589 2822 qua
606 2752 706 2824 rogat,
724 2741 849 2804 occidit.
898 2741 984 2804 Orba
998 2740 1114 2804 resedit

166 2847 346 2910 Exanimes
362 2847 445 2909 inter
459 2857 552 2909 natos
568 2857 719 2928 natasque
735 2847 914 2928 virumque,
1141 2846 1203 2907 155
1303 2877 1304 2882 1

166 2951 373 3033 Diriguitque
389 2952 492 3014 malis.
538 2951 568 3014 N
572 2952 653 3014 ullos
669 2961 777 3014 movet
794 2971 870 3016 aura
885 2953 1040 3036 capillos5

166 3059 207 3120 In
225 3057 317 3120 vultu
333 3056 420 3120 color
435 3067 483 3120 est
498 3057 566 3119 sine
583 3056 762 3138 sanguine;
786 3057 910 3120 lumina
926 3057 1046 3121 maestis
1112 3041 1117 3049 ⁴

168 3161 265 3225 Stant
282 3163 417 3224 immota
431 3162 542 3243 genis:
566 3161 647 3223 nihil
663 3172 711 3223 est
727 3161 759 3223 in
777 3161 917 3244 imagine
934 3164 1056 3226 vivum.

166 3269 242 3350 Ipsa
258 3268 384 3346 qubque
400 3263 532 3328 interiirs
548 3265 718 3355 eumdum
734 3266 846 3349 lingua
861 3267 965 3348 palato

165 3371 338 3452 Congelat,
354 3381 387 3434 et
403 3389 494 3432 venae
510 3370 668 3432 desistunt
684 3391 775 3454 posse
792 3370 933 3451 moveri3
1144 3371 1206 3435 160

163 3477 236 3540 Nee
253 3476 341 3538 flecti
356 3476 474 3555 cervix,
491 3495 553 3539 nec
572 3476 701 3540 brachia
716 3476 845 3539 reddere
864 3485 984 3561 gestus,

163 3581 238 3645 Nee
255 3599 310 3662 pes
326 3580 371 3642 ire
387 3592 510 3662 potest;
534 3581 617 3644 intre
631 3580 757 3661 qubque
770 3580 891 3643 viscera
906 3601 1020 3644 saxum
1037 3591 1095 3644 est.
1117 3608 1135 3633 a

164 3685 246 3751 Flet
262 3695 382 3766 tamen,
399 3697 432 3752 et
448 3686 546 3751 validi
561 3686 759 3752 circumdata
775 3686 902 3758 turbine
919 3688 1008 3750 venti
