2646 4176
122 247 165 311 50
409 273 528 325 ov1u¹s
549 275 870 328 imrauoaenosns.

122 421 300 488 Restabam
315 425 412 490 solus.
459 428 618 494 Pavidum
634 429 840 513 gelidumque
856 431 1007 495 trementi

122 529 262 613 Corpore
288 530 409 612 vixque
426 552 537 598 meum
553 534 658 598 firmat
674 535 764 616 deus,
782 545 801 576 “
813 511 1111 616 Eixcutess'diceus,

124 634 254 700 “Corde
270 646 406 716 metum,
423 638 583 720 Diamque
600 642 708 704 tene.”
754 641 889 705 Delatus
904 642 938 705 iu
954 641 1053 722 illam,

121 740 254 804 Accessi
269 743 375 822 sacris,
392 742 602 825 Baccheaque
616 743 699 810 festa
713 745 889 827 frequento.
1091 745 1159 810 275

447 1020 560 1064 unm!
583 1021 623 1063 01·
647 1022 829 1066 PENTHEUS.

572 1160 602 1201 v.
628 1140 702 1204 692.

124 1255 344 1320 ‘Praebuimus
359 1257 486 1341 longis,’
503 1259 677 1342 Pentheus,
696 1261 904 1344 ‘ambagibus
918 1261 1032 1341 aures,’

122 1363 241 1444 Inquit,
261 1369 315 1425 ‘nt
332 1364 377 1426 ira
391 1365 481 1428 mori
495 1366 579 1430 vires
594 1366 760 1430 absumere
776 1376 891 1450 posset.

122 1468 334 1552 Praecipitem,
351 1469 475 1550 famuli,
491 1473 591 1555 rapite
607 1473 705 1549 huno,
722 1471 925 1553 cruciataque
941 1471 1018 1536 diris

122 1575 261 1658 Corpora
277 1575 444 1640 tormentis
461 1576 587 1660 Stygiae
603 1577 763 1642 demittite
785 1578 892 1641 nocti)

122 1680 272 1744 Protinus
286 1682 465 1746 abstractus
478 1683 588 1746 solidis
604 1683 797 1764 Tyrrhenus
812 1685 943 1747 Aetates
1092 1681 1159 1745 28⁰

122 1784 290 1849 Clauditur
306 1787 340 1850 in
356 1786 458 1866 tectis,
475 1797 519 1866 et,
536 1786 616 1850 dum
630 1786 773 1850 crudelia
783 1785 883 1865 jussa

121 1890 339 1953 Instrumenta
354 1890 452 1968 necis,
469 1889 651 1971 ferrumque
668 1892 815 1972 ignisque
831 1899 990 1970 parantur,

122 1993 245 2076 Sponte
262 1995 321 2056 sud
335 1994 474 2076 patuisse
490 1992 583 2072 sores,
601 1993 766 2077 lapsasque
782 1991 909 2056 lacertis

123 2098 246 2180 Sponte
262 2098 329 2177 sul,
346 2097 433 2160 fama
447 2107 506 2176 est,
523 2098 613 2160 nullo
629 2098 784 2185 solvente,
800 2107 939 2160 catenas.

121 2204 245 2266 Perstat
262 2202 469 2282 Echionides,
484 2222 546 2266 nec
558 2200 627 2282 jam
639 2200 732 2282 jubet
748 2205 803 2282 ire,
819 2203 876 2266 sed
892 2204 960 2286 ipse
1092 2199 1160 2264 285

122 2307 228 2386 Vadit,
246 2307 301 2372 ubi
329 2305 431 2370 festus
446 2305 595 2370 facienda
609 2307 651 2370 ad
667 2327 756 2371 sacra
771 2308 935 2372 Cithaeron

120 2413 279 2476 Cautibus
294 2423 327 2474 et
341 2412 426 2476 clari
440 2413 657 2476 bacchantum
673 2433 753 2476 voce
769 2414 911 2476 sonabat.

125 2519 166 2582 Ut
182 2517 289 2582 fremit
304 2537 377 2581 acer
392 2537 505 2600 equus,
521 2519 596 2582 clim
611 2517 748 2582 bellicus
764 2537 826 2581 aere
842 2537 959 2581 canoro

122 2625 224 2707 Signa
239 2623 327 2688 dedit
344 2625 485 2702 tubicen,
501 2643 683 2706 pugnaeque
699 2625 834 2688 assumit
850 2641 1013 2688 amoremr

121 2730 266 2793 Penthea
281 2730 326 2792 sic
342 2731 426 2793 ictus
442 2729 548 2811 longis
564 2729 741 2794 ululatibus
756 2730 857 2810 aether
1091 2723 1158 2789 290

121 2835 235 2915 Movit,
251 2845 284 2897 et
299 2834 411 2898 audito
427 2834 576 2916 clangore
592 2833 759 2896 recanduit
775 2835 829 2895 ira
1056 2905 1066 2916 ‚

102 2945 106 2952 “
165 2941 277 3003 Monte
294 2937 360 3001 fere
376 2938 483 3001 medio
499 2949 556 3018 est,
573 2937 779 3018 cingentibus
795 2935 910 2998 ultima
924 2935 1024 3015 silvis,
1070 2971 1076 2984 ›

121 3044 225 3122 Purus
240 3044 280 3106 ab
296 3042 472 3122 arboribus,
489 3041 673 3124 spectabilis
688 3039 830 3121 undique
846 3059 991 3123 campus.

120 3149 185 3213 Hic
202 3148 303 3212 oculis
318 3147 410 3210 illum
425 3155 610 3210 cernentem
626 3165 715 3208 sacra
729 3143 870 3228 profanis
890 3173 894 3179 ·

121 3253 229 3317 Prima
245 3253 343 3331 videt,
360 3253 462 3336 prima
476 3262 526 3314 est
543 3252 655 3314 insano
671 3250 800 3314 concita
814 3259 916 3330 motu,
1090 3247 1159 3314 295

121 3359 230 3422 Prima
243 3377 340 3421 sirum
356 3357 455 3420 misso
469 3356 605 3420 violavit
620 3355 767 3419 Penthea
780 3357 892 3438 thyrso

47 3455 50 3458 ’
121 3465 233 3542 Mater,
250 3473 283 3526 et
301 3473 338 3526 ‘o
354 3462 493 3545 gemina
508 3463 516 3496 '
532 3461 696 3541 clamavit,
715 3460 843 3524 ‘adeste
858 3477 1002 3524 sorores:

121 3570 181 3635 Ille
197 3589 281 3652 aper,
299 3569 333 3632 in
348 3567 465 3631 nostris
480 3577 562 3630 errat
577 3567 633 3647 qui
647 3569 811 3632 maximus
826 3565 918 3648 agris,

122 3675 181 3740 Illa
197 3675 278 3738 milri
294 3673 456 3738 feriendus
470 3676 566 3758 aper.’
612 3672 693 3737 Ruit
708 3671 814 3737 omnis
829 3670 863 3733 in
879 3687 981 3734 unum
