2646 4176
604 235 704 286 BOOK
726 235 773 285 lv.

165 399 200 463 E
215 395 337 480 quibus
353 392 408 456 illa
422 390 484 456 suit
499 391 597 474 longi
611 391 800 473 dignissima
814 393 900 473 viti5

159 503 286 571 ¹Nostra
301 519 425 562 nocens
439 498 548 560 anima
562 507 619 559 est.
668 497 740 580 Ego
756 510 798 578 te,
815 499 1003 579 miseranda,
1022 499 1150 582 peremi,

112 609 115 614 '
174 609 214 672 In
228 607 299 669 loca
313 603 538 687 plenametirs‚
554 603 609 684 qui
621 601 712 682 jussi,
728 615 823 666 nocte
839 606 974 684 venires,
1168 602 1211 668 40

132 757 138 763 -
178 713 243 776 Neo
258 711 340 793 prior
355 710 421 772 huc
437 709 522 770 veni.
568 707 720 771 Nostrum
737 709 880 772 divellite
896 730 1021 792 corpus,

179 818 222 882 Et
236 815 389 880 scelerata
403 813 471 875 fero
487 811 804 876 consumite³visoera
819 831 936 893 morsu,

180 922 408 1004 Oquicunque
424 919 484 981 sub
501 919 561 980 hac
577 905 730 981 habitatis
745 940 831 1000 rupe,
848 920 975 986 leones!

174 1027 241 1091 Sed
258 1025 366 1089 timidi
382 1035 430 1086 est
446 1035 554 1105 optare
570 1027 707 1086 necem'
754 1006 922 1088 Velamina
937 1025 1080 1088 Thisbes

171 1132 291 1212 Tollit,
309 1139 342 1192 et
357 1128 398 1191 ad
413 1139 516 1212 pcctae
531 1149 641 1192 secum
657 1127 718 1192 sert
733 1131 852 1194 arboris
868 1132 1034 1210 umbram,
1169 1128 1227 1193 45·

172 1240 283 1318 thue
300 1234 389 1298 dedit
404 1245 489 1298 notae
505 1233 672 1318 lacrymas,
689 1235 777 1298 dedit
793 1237 903 1298 oscula
919 1238 1010 1320 vesti,

174 1341 316 1424 ‘Accipe
331 1341 441 1420 nunc,'
458 1339 571 1420 inquit,
590 1341 708 1404 ‘nostri
722 1340 847 1421 qudquc
861 1343 1027 1424 sanguinis
1040 1342 1212 1404 haustusr'

181 1448 322 1528 Quoque
336 1455 403 1508 erat
418 1444 593 1524 accinctus,
610 1446 740 1508 demisit
756 1447 789 1508 in
805 1447 861 1508 ilia
875 1445 1003 1509 serrum.

181 1553 253 1616 Nec
267 1571 351 1614 mora
360 1572 368 1631 ;
392 1549 531 1613 ferventi
546 1551 685 1614 moriens
701 1569 719 1612 e
735 1550 868 1612 vulnere
885 1553 991 1630 traxit,

185 1657 232 1720 Et
244 1654 342 1736 jacuit
355 1657 524 1738 resupinus
539 1655 651 1719 humi:
675 1675 768 1718 cruor
782 1656 900 1718 emicat
916 1655 990 1736 alte,
1170 1655 1213 1718 50

176 1761 252 1825 Non
267 1762 365 1841 aliter,
382 1763 480 1842 quim
495 1762 568 1824 cdnr
586 1760 698 1823 vitiato
716 1761 822 1824 fistula
836 1759 969 1843 plumbo

174 1867 353 1947 Scinditur,
369 1878 402 1930 ct
417 1867 508 1930 tenui
523 1866 676 1929 stridente
691 1857 848 1930 foramine
864 1867 977 1949 longas

146 1971 150 2040 i
173 1972 365 2052 Ejaculatur
378 1991 486 2052 aquas,
503 1982 598 2053 atque
616 1971 733 2034 ictibus
748 1976 820 2036 adra
836 1975 963 2056 rumpit.

174 2079 310 2142 Arborei
325 2077 410 2140 setus
424 2077 612 2160 adspergine
627 2077 726 2140 cadis
742 2078 775 2140 in
791 2090 891 2142 atram

100 2163 106 2178 ⁸
174 2183 352 2248 Vertrmtur
366 2182 493 2260 faciem,
508 2181 752 2263 madefactaque
773 2185 930 2265 sanguine
946 2185 1037 2246 radix
1171 2184 1214 2247 55

173 2289 340 2371 Purpureo
356 2288 453 2370 tingit
468 2288 642 2370 pendentia
656 2308 745 2352 mora
759 2289 874 2352 colore.

221 2393 320 2472 Ecce,
336 2403 426 2458 motu
442 2394 586 2456 nondum
602 2393 716 2475 posito,
733 2413 774 2456 ne
791 2393 880 2455 sallat
896 2407 1067 2473 amantem,

90 2521 101 2543 ·
174 2497 238 2560 Illa
252 2495 343 2575 redit,
352 2494 572 2577 juvenemque
589 2495 691 2558 oculis
707 2496 878 2576 animoque
894 2497 1035 2576 requirit,

175 2602 375 2682 Quantaque
393 2599 502 2664 vitdrit
517 2620 641 2664 narrare
657 2599 797 2681 pericula
812 2601 916 2680 gestit.

175 2708 286 2788 thue
302 2705 411 2770 locum
426 2717 458 2768 et
474 2707 578 2770 visam
593 2705 760 2788 cognoscit
777 2705 810 2770 in
827 2705 936 2768 arbore
953 2704 1098 2786 sormam,
1171 2707 1214 2772 60

175 2811 249 2893 (Sic
266 2809 342 2874 facit
358 2812 513 2876 incertam
529 2811 615 2894 pomi
632 2810 735 2898 color)
752 2810 859 2890 haeret,
875 2831 916 2874 an
932 2809 1003 2875 haec
1019 2811 1070 2874 sit.

176 2917 265 2980 Dum
282 2916 417 2996 dubitat,
436 2916 646 2980 tremebunda
661 2916 749 2980 videt
766 2917 888 2998 pulsare
905 2926 1075 2980 cruentum

175 3021 325 3085 Membra
340 3021 455 3099 solum,
471 3031 618 3102 retroque
636 3021 751 3104 pedem
767 3023 850 3101 tulit,
868 3043 984 3104 oraque
999 3021 1088 3088 buxo

173 3127 348 3190 Pallidiora
364 3147 477 3210 gerens
492 3126 656 3190 exhorruit
671 3132 808 3208 aequoris
823 3127 931 3206 instar,

176 3232 280 3301 Quod
295 3234 415 3312 tremit,
431 3233 551 3314 erigut
565 3233 639 3296 cirm
655 3253 818 3296 summurn
836 3233 1001 3316 stringitur
1015 3233 1100 3298 auri„
1112 3273 1132 3307 ,-
1171 3235 1214 3298 65

174 3339 243 3404 Sed
259 3350 428 3422 postquam
445 3349 602 3402 remorata
616 3358 692 3401 suos
708 3339 861 3422 cognovit
877 3359 1011 3418 amores,
1096 3317 1104 3333 ’

174 3443 320 3508 Percutit
335 3443 488 3526 indignos
502 3443 588 3507 claro
604 3443 753 3526 plangore
770 3443 913 3523 lacertos,

174 3551 231 3628 Et,
247 3548 366 3614 laniata
380 3569 490 3616 comas
504 3548 716 3632 amplexaque
732 3567 846 3630 corpus
861 3560 1015 3628 amatum,

173 3654 318 3721 vumera
334 3655 496 3740 supplevit
511 3654 675 3736 lacrymis,
690 3653 867 3736 fletumque
882 3655 985 3720 cruori

487 3761 539 3824 μ
