2636 4178
122 236 201 306 ,ue
276 215 277 218 ¹
435 259 552 312 ovm’s
571 259 895 314 uursuoaeuosus.

230 573 298 619 urm
322 564 424 619 nauus
449 575 489 618 or
513 573 648 616 neuneu
671 575 827 619 cnrnonu
851 577 928 620 mro
951 579 1058 626 arans.

583 742 612 785 v.
638 723 713 790 576.

173 843 247 908 Non
262 856 354 908 vacat
371 846 512 922 Aurorae,
529 861 723 924 quamquam
742 843 846 908 isdem
863 843 983 910 faverat
999 853 1105 932 armis,

129 948 287 1030 Cladibus
299 961 332 1012 et
347 969 425 1012 casu
440 947 613 1028 Trojaeque
630 949 842 1028 Hecub'aeque
859 953 999 1032 moveri3

129 1054 214 1117 Cura
228 1053 322 1121 deam
338 1054 463 1137 propior
478 1053 647 1133 luctusque
663 1053 862 1117 domesticus
877 1057 967 1138 angit
1101 1063 1168 1126 575

128 1157 313 1221 Memnonis
327 1159 446 1237 amissi,
465 1157 616 1240 Phrygiis
630 1173 734 1239 quern.
744 1158 831 1221 lutea
845 1163 967 1244 campis

130 1259 217 1324 Vidit
233 1262 382 1326 Achillei
392 1273 583 1345 pereuntem
598 1262 732 1345 cuspide
748 1274 867 1344 mater3

129 1365 217 1428 Vidit
230 1387 238 1447 ;
262 1377 295 1430 et
310 1367 363 1430 ille
379 1366 475 1447 color,
492 1386 556 1448 quo
571 1363 731 1430 matutina
744 1369 918 1432 rubescunt

129 1471 302 1554 Tempora,
319 1472 483 1554 palluerat,
500 1472 656 1553 latuitque
671 1472 705 1535 in
721 1474 863 1536 nubibus
877 1476 987 1539 aether.

173 1579 215 1639 At
231 1596 296 1640 non
312 1575 479 1659 impositos
493 1579 651 1660 supremis
666 1577 797 1658 ignibus
812 1559 900 1642 artus
1102 1584 1167 1647 580

119 1681 292 1745 Sustinuit
307 1693 448 1765 spectare
464 1701 595 1764 parens:
618 1682 675 1745 sed
690 1683 777 1746 crine
793 1683 908 1764 soluto,
987 1727 990 1732 -

130 1785 222 1849 Sicut
238 1797 314 1866 erat,
331 1787 441 1870 magni
456 1788 594 1868 genibus
610 1788 817 1870 procumbere
833 1808 898 1852 non
913 1801 961 1854 est

130 1890 312 1972 Dedignata
326 1892 345 1955 J
347 1892 427 1970 ovis,
444 1891 658 1974 lacrymisque
675 1893 733 1955 has
748 1892 863 1956 addere
879 1913 992 1958 voces:

130 1993 310 2056 ‘Omnibus
327 1994 465 2074 inferior,
482 2015 563 2076 quas
575 1998 711 2060 sustinet
726 2017 841 2060 aureus
856 1998 962 2076 aether,

128 2097 228 2180 (Nam
243 2099 325 2162 mihi
340 2111 415 2162 sunt
432 2109 537 2162 totum
552 2101 711 2165 rarissima
725 2103 846 2185 templa
861 2121 913 2186 per
927 2101 1053 2186 orbem)
1099 2103 1165 2167 ⁵85

128 2202 215 2266 Diva
229 2213 337 2266 tamen
355 2205 460 2283 venio,
476 2223 543 2267 non
558 2216 595 2268 ut
609 2205 744 2268 delubra
758 2207 890 2288 diesque

128 2306 195 2370 Des
209 2308 291 2370 mihi
305 2308 467 2384 sacrificos
481 2309 692 2392 caliturasque
709 2311 839 2392 ignibus
854 2329 932 2374 aras.

129 2411 167 2475 Si
182 2423 290 2475 tamen
306 2412 472 2496 adspicias,
489 2415 644 2494 quantirm
661 2415 720 2477 tibi
735 2414 857 2479 femina
873 2427 1032 2498 praestem,

129 2516 219 2579 Tum
236 2515 311 2580 crim
329 2517 401 2581 luce
417 2519 502 2582 nord
518 2521 622 2582 noetis
635 2520 777 2583 confinia
792 2539 883 2600 servo
898 2541 906 2600 ;
975 2601 977 2606 Ι

128 2621 265 2685 Praemia
279 2622 386 2687 denda
400 2637 501 2705 putes.
542 2624 609 2687 Sed
623 2642 690 2688 non
705 2645 743 2687 ea
758 2645 843 2704 cura,
853 2643 957 2705 neque
971 2625 1024 2688 hic
1036 2637 1084 2688 est
1102 2625 1167 2688 690

127 2723 222 2790 Nunc
238 2737 338 2790 status
354 2730 494 2807 Aurorae,
511 2729 640 2792 meritos
655 2741 691 2792 ut
707 2740 815 2812 poscat
831 2731 987 2810 honores;

129 2829 316 2894 Memnonis
331 2832 408 2894 orba
422 2833 487 2893 mei
503 2833 609 2912 venio,
627 2835 682 2913 qui
698 2833 793 2896 fortia
807 2832 923 2896 frustra

129 2933 190 2995 Pro
206 2943 317 3015 patnro
334 2933 407 2996 tulit
423 2953 510 2998 arma
525 2954 593 3014 suo,
611 2937 782 3019 primisque
798 2937 858 3000 sub
873 2936 968 3001 annis

130 3037 256 3101 Occidit
272 3057 291 3100 a
305 3037 380 3100 sorti
397 3037 458 3121 (sic
476 3059 532 3102 vos
548 3040 712 3127 voluistis)
726 3041 862 3105 Achille.

130 3142 190 3222 Da,
207 3163 325 3226 precor,
344 3143 419 3207 huie
435 3145 586 3224 aliquem,
603 3146 717 3208 solatia
731 3148 851 3223 mortis,
869 3148 1034 3225 honorem,
1100 3147 1166 3209 595

23 3245 26 3250 ’
130 3245 267 3310 Summe
283 3247 379 3312 deimr
396 3259 507 3326 rector,
523 3261 728 3330 maternaque
744 3250 878 3312 vulnera
893 3248 979 3311 leni.'

172 3351 297 3434 Jupiter
311 3365 484 3432 annuerat3
508 3355 582 3416 oiun
598 3355 782 3418 Memnonis
797 3354 916 3417 arduus
932 3353 999 3416 alto

129 3456 255 3518 Corruit
270 3457 344 3538 igne
360 3478 465 3539 rogus,
483 3459 627 3540 nigrique
642 3459 810 3522 volumina
823 3458 907 3522 furni

129 3558 272 3624 Infecere
287 3560 383 3640 diem,
400 3563 501 3624 veluti
516 3563 589 3626 crim
605 3563 740 3626 flumina
755 3575 845 3627 natas

130 3663 294 3727 Exhalaut
310 3665 453 3741 nebulas,
470 3685 530 3730 nee
546 3667 594 3730 sol
609 3668 789 3732 admittitur
804 3667 905 3732 infra:
1101 3665 1167 3730 60⁰

1307 652 1314 890 ξ
