<?xml version="1.0" encoding="UTF-8"?>
<!DOCTYPE html PUBLIC "-//W3C//DTD XHTML 1.0 Transitional//EN"
    "http://www.w3.org/TR/xhtml1/DTD/xhtml1-transitional.dtd">
<html xmlns="http://www.w3.org/1999/xhtml" xml:lang="en" lang="en">
 <head>
  <title>
</title>
<meta http-equiv="Content-Type" content="text/html;charset=utf-8" />
  <meta name='ocr-system' content='tesseract 3.04.00' />
  <meta name='ocr-capabilities' content='ocr_page ocr_carea ocr_par ocr_line ocrx_word'/>
</head>
<body>
  <div class='ocr_page' id='page_1' title='image "./selectionsfromm00ovidgoog_0110.png"; bbox 0 0 2636 4178; ppageno 0'>
   <div class='ocr_carea' id='block_1_1' title="bbox 599 271 1212 342">
    <p class='ocr_par' dir='ltr' id='par_1_1' title="bbox 599 271 1212 342">
     <span class='ocr_line' id='line_1_1' title="bbox 599 271 1212 342; baseline -0.011 -1"><span class='ocrx_word' id='word_1_1' title='bbox 599 277 699 341; x_wconf 76' lang='lat' dir='ltr'>acon</span> <span class='ocrx_word' id='word_1_2' title='bbox 720 291 769 342; x_wconf 85' lang='lat' dir='ltr'>rx.</span> <span class='ocrx_word' id='word_1_3' title='bbox 1153 271 1212 334; x_wconf 86' lang='lat'>101</span> 
     </span>
    </p>
   </div>
   <div class='ocr_carea' id='block_1_2' title="bbox 172 427 1214 2520">
    <p class='ocr_par' dir='ltr' id='par_1_2' title="bbox 175 427 1214 1046">
     <span class='ocr_line' id='line_1_2' title="bbox 175 427 1101 527; baseline 0.002 -18"><span class='ocrx_word' id='word_1_4' title='bbox 175 445 294 527; x_wconf 83' lang='lat' dir='ltr'>Digna,</span> <span class='ocrx_word' id='word_1_5' title='bbox 311 443 391 524; x_wconf 91' lang='lat' dir='ltr'>quid</span> <span class='ocrx_word' id='word_1_6' title='bbox 405 446 543 527; x_wconf 64' lang='lat' dir='ltr'>optetis)</span> <span class='ocrx_word' id='word_1_7' title='bbox 567 427 674 509; x_wconf 58' lang='lat' dir='ltr'>&#39;Cum</span> <span class='ocrx_word' id='word_1_8' title='bbox 691 445 831 509; x_wconf 86' lang='lat' dir='ltr'>Baucide</span> <span class='ocrx_word' id='word_1_9' title='bbox 848 463 950 527; x_wconf 86' lang='lat' dir='ltr'>pauca</span> <span class='ocrx_word' id='word_1_10' title='bbox 964 445 1101 526; x_wconf 86' lang='lat' dir='ltr'>locutus,</span> 
     </span>
     <span class='ocr_line' id='line_1_3' title="bbox 175 550 991 633; baseline -0.001 -19"><span class='ocrx_word' id='word_1_11' title='bbox 175 550 341 614; x_wconf 81' lang='lat' dir='ltr'>Judiciunr</span> <span class='ocrx_word' id='word_1_12' title='bbox 357 550 480 632; x_wconf 89' lang='lat' dir='ltr'>superis</span> <span class='ocrx_word' id='word_1_13' title='bbox 494 552 595 633; x_wconf 84' lang='lat' dir='ltr'>aperit</span> <span class='ocrx_word' id='word_1_14' title='bbox 609 569 783 615; x_wconf 86' lang='lat' dir='ltr'>commune</span> <span class='ocrx_word' id='word_1_15' title='bbox 800 550 991 614; x_wconf 82' lang='lat' dir='ltr'>Philemon:</span> 
     </span>
     <span class='ocr_line' id='line_1_4' title="bbox 181 654 1214 736; baseline 0.004 -20"><span class='ocrx_word' id='word_1_16' title='bbox 181 655 277 716; x_wconf 85' lang='lat' dir='ltr'>‘Esse</span> <span class='ocrx_word' id='word_1_17' title='bbox 293 654 484 733; x_wconf 85' lang='lat' dir='ltr'>sacerdotes,</span> <span class='ocrx_word' id='word_1_18' title='bbox 501 655 695 736; x_wconf 85' lang='lat' dir='ltr'>delubraque</span> <span class='ocrx_word' id='word_1_19' title='bbox 711 665 817 718; x_wconf 88' lang='lat' dir='ltr'>vestra</span> <span class='ocrx_word' id='word_1_20' title='bbox 832 656 916 718; x_wconf 89' lang='lat' dir='ltr'>tueri</span> <span class='ocrx_word' id='word_1_21' title='bbox 1152 659 1214 722; x_wconf 79' lang='lat'>165</span> 
     </span>
     <span class='ocr_line' id='line_1_5' title="bbox 182 757 1047 842; baseline 0.005 -22"><span class='ocrx_word' id='word_1_22' title='bbox 182 757 364 838; x_wconf 82' lang='lat' dir='ltr'>Poscimus3</span> <span class='ocrx_word' id='word_1_23' title='bbox 388 771 420 822; x_wconf 89' lang='lat' dir='ltr'>et</span> <span class='ocrx_word' id='word_1_24' title='bbox 435 760 589 840; x_wconf 88' lang='lat' dir='ltr'>quoniam</span> <span class='ocrx_word' id='word_1_25' title='bbox 605 760 779 824; x_wconf 84' lang='lat' dir='ltr'>concordes</span> <span class='ocrx_word' id='word_1_26' title='bbox 794 759 921 842; x_wconf 79' lang='lat' dir='ltr'>egimus</span> <span class='ocrx_word' id='word_1_27' title='bbox 936 779 1047 841; x_wconf 89' lang='lat' dir='ltr'>annos,</span> 
     </span>
     <span class='ocr_line' id='line_1_6' title="bbox 179 862 1037 946; baseline 0.002 -20"><span class='ocrx_word' id='word_1_28' title='bbox 179 862 308 926; x_wconf 82' lang='lat' dir='ltr'>Auserat</span> <span class='ocrx_word' id='word_1_29' title='bbox 324 865 402 927; x_wconf 89' lang='lat' dir='ltr'>hora</span> <span class='ocrx_word' id='word_1_30' title='bbox 416 862 497 927; x_wconf 90' lang='lat' dir='ltr'>duos</span> <span class='ocrx_word' id='word_1_31' title='bbox 513 865 636 944; x_wconf 89' lang='lat' dir='ltr'>eadem,</span> <span class='ocrx_word' id='word_1_32' title='bbox 653 873 712 927; x_wconf 87' lang='lat' dir='ltr'>uec</span> <span class='ocrx_word' id='word_1_33' title='bbox 729 864 878 946; x_wconf 84' lang='lat' dir='ltr'>conjugis</span> <span class='ocrx_word' id='word_1_34' title='bbox 893 884 1037 946; x_wconf 88' lang='lat' dir='ltr'>unquam</span> 
     </span>
     <span class='ocr_line' id='line_1_7' title="bbox 178 965 1058 1046; baseline 0.005 -18"><span class='ocrx_word' id='word_1_35' title='bbox 178 967 277 1029; x_wconf 85' lang='lat' dir='ltr'>Busta</span> <span class='ocrx_word' id='word_1_36' title='bbox 290 986 371 1029; x_wconf 87' lang='lat' dir='ltr'>meae</span> <span class='ocrx_word' id='word_1_37' title='bbox 387 965 525 1046; x_wconf 87' lang='lat' dir='ltr'>videam,</span> <span class='ocrx_word' id='word_1_38' title='bbox 542 987 605 1030; x_wconf 88' lang='lat' dir='ltr'>neu</span> <span class='ocrx_word' id='word_1_39' title='bbox 622 969 683 1031; x_wconf 89' lang='lat' dir='ltr'>sim</span> <span class='ocrx_word' id='word_1_40' title='bbox 699 968 908 1031; x_wconf 88' lang='lat' dir='ltr'>tumulandus</span> <span class='ocrx_word' id='word_1_41' title='bbox 923 969 964 1030; x_wconf 87' lang='lat' dir='ltr'>ab</span> <span class='ocrx_word' id='word_1_42' title='bbox 980 968 1058 1032; x_wconf 79' lang='lat' dir='ltr'>illa’</span> 
     </span>
    </p>

    <p class='ocr_par' dir='ltr' id='par_1_3' title="bbox 172 1069 1214 2520">
     <span class='ocr_line' id='line_1_8' title="bbox 221 1069 946 1156; baseline 0.003 -24"><span class='ocrx_word' id='word_1_43' title='bbox 221 1071 305 1133; x_wconf 84' lang='lat' dir='ltr'>Vota</span> <span class='ocrx_word' id='word_1_44' title='bbox 321 1069 402 1133; x_wconf 88' lang='lat' dir='ltr'>fides</span> <span class='ocrx_word' id='word_1_45' title='bbox 417 1073 579 1152; x_wconf 85' lang='lat' dir='ltr'>sequitur:</span> <span class='ocrx_word' id='word_1_46' title='bbox 604 1073 717 1156; x_wconf 87' lang='lat' dir='ltr'>templi</span> <span class='ocrx_word' id='word_1_47' title='bbox 731 1071 832 1135; x_wconf 89' lang='lat' dir='ltr'>tutela</span> <span class='ocrx_word' id='word_1_48' title='bbox 846 1070 946 1152; x_wconf 74' lang='lat' dir='ltr'>suere,</span> 
     </span>
     <span class='ocr_line' id='line_1_9' title="bbox 172 1176 1214 1258; baseline 0.002 -18"><span class='ocrx_word' id='word_1_49' title='bbox 172 1177 289 1240; x_wconf 91' lang='lat' dir='ltr'>Donec</span> <span class='ocrx_word' id='word_1_50' title='bbox 306 1178 373 1239; x_wconf 85' lang='lat' dir='ltr'>vita</span> <span class='ocrx_word' id='word_1_51' title='bbox 387 1176 461 1238; x_wconf 86' lang='lat' dir='ltr'>data</span> <span class='ocrx_word' id='word_1_52' title='bbox 476 1189 533 1240; x_wconf 87' lang='lat' dir='ltr'>est.</span> <span class='ocrx_word' id='word_1_53' title='bbox 580 1178 683 1240; x_wconf 87' lang='lat' dir='ltr'>Annis</span> <span class='ocrx_word' id='word_1_54' title='bbox 700 1196 834 1258; x_wconf 86' lang='lat' dir='ltr'>aevoque</span> <span class='ocrx_word' id='word_1_55' title='bbox 851 1177 949 1241; x_wconf 89' lang='lat' dir='ltr'>soluti</span> <span class='ocrx_word' id='word_1_56' title='bbox 1151 1179 1214 1243; x_wconf 76' lang='lat'>170</span> 
     </span>
     <span class='ocr_line' id='line_1_10' title="bbox 172 1281 987 1364; baseline 0.002 -20"><span class='ocrx_word' id='word_1_57' title='bbox 172 1285 261 1344; x_wconf 87' lang='lat' dir='ltr'>Ante</span> <span class='ocrx_word' id='word_1_58' title='bbox 278 1281 394 1363; x_wconf 87' lang='lat' dir='ltr'>gradus</span> <span class='ocrx_word' id='word_1_59' title='bbox 409 1301 514 1343; x_wconf 90' lang='lat' dir='ltr'>sacros</span> <span class='ocrx_word' id='word_1_60' title='bbox 530 1282 603 1345; x_wconf 88' lang='lat' dir='ltr'>cirru</span> <span class='ocrx_word' id='word_1_61' title='bbox 619 1293 737 1345; x_wconf 86' lang='lat' dir='ltr'>starent</span> <span class='ocrx_word' id='word_1_62' title='bbox 754 1282 844 1362; x_wconf 73' lang='lat' dir='ltr'>forta,</span> <span class='ocrx_word' id='word_1_63' title='bbox 861 1283 987 1364; x_wconf 86' lang='lat' dir='ltr'>locique</span> 
     </span>
     <span class='ocr_line' id='line_1_11' title="bbox 174 1385 975 1465; baseline 0.002 -17"><span class='ocrx_word' id='word_1_64' title='bbox 174 1386 344 1449; x_wconf 85' lang='lat' dir='ltr'>Narrarent</span> <span class='ocrx_word' id='word_1_65' title='bbox 359 1405 461 1463; x_wconf 87' lang='lat' dir='ltr'>casus,</span> <span class='ocrx_word' id='word_1_66' title='bbox 479 1385 624 1448; x_wconf 82' lang='lat' dir='ltr'>frondere</span> <span class='ocrx_word' id='word_1_67' title='bbox 640 1386 833 1449; x_wconf 87' lang='lat' dir='ltr'>Philemona</span> <span class='ocrx_word' id='word_1_68' title='bbox 849 1389 975 1465; x_wconf 83' lang='lat' dir='ltr'>Baucis,</span> 
     </span>
     <span class='ocr_line' id='line_1_12' title="bbox 180 1490 982 1572; baseline 0.001 -21"><span class='ocrx_word' id='word_1_69' title='bbox 180 1490 322 1552; x_wconf 82' lang='lat' dir='ltr'>Baucida</span> <span class='ocrx_word' id='word_1_70' title='bbox 335 1491 502 1572; x_wconf 87' lang='lat' dir='ltr'>conspexit</span> <span class='ocrx_word' id='word_1_71' title='bbox 519 1493 624 1553; x_wconf 88' lang='lat' dir='ltr'>senior</span> <span class='ocrx_word' id='word_1_72' title='bbox 639 1490 785 1554; x_wconf 85' lang='lat' dir='ltr'>frondere</span> <span class='ocrx_word' id='word_1_73' title='bbox 802 1492 982 1554; x_wconf 87' lang='lat' dir='ltr'>Philemon.</span> 
     </span>
     <span class='ocr_line' id='line_1_13' title="bbox 181 1595 1088 1678; baseline 0 -20"><span class='ocrx_word' id='word_1_74' title='bbox 181 1595 317 1674; x_wconf 83' lang='lat' dir='ltr'>Jamque</span> <span class='ocrx_word' id='word_1_75' title='bbox 331 1617 422 1678; x_wconf 87' lang='lat' dir='ltr'>super</span> <span class='ocrx_word' id='word_1_76' title='bbox 440 1596 587 1678; x_wconf 85' lang='lat' dir='ltr'>geminos</span> <span class='ocrx_word' id='word_1_77' title='bbox 602 1608 766 1658; x_wconf 79' lang='lat' dir='ltr'>crescente</span> <span class='ocrx_word' id='word_1_78' title='bbox 783 1595 951 1658; x_wconf 82' lang='lat' dir='ltr'>cacumine</span> <span class='ocrx_word' id='word_1_79' title='bbox 968 1595 1088 1675; x_wconf 89' lang='lat' dir='ltr'>vultus,</span> 
     </span>
     <span class='ocr_line' id='line_1_14' title="bbox 181 1699 1213 1781; baseline 0.001 -18"><span class='ocrx_word' id='word_1_80' title='bbox 181 1700 305 1778; x_wconf 88' lang='lat' dir='ltr'>Mutua,</span> <span class='ocrx_word' id='word_1_81' title='bbox 322 1700 396 1763; x_wconf 91' lang='lat' dir='ltr'>dum</span> <span class='ocrx_word' id='word_1_82' title='bbox 413 1701 515 1780; x_wconf 88' lang='lat' dir='ltr'>licuit,</span> <span class='ocrx_word' id='word_1_83' title='bbox 532 1700 707 1763; x_wconf 81' lang='lat' dir='ltr'>reddebant</span> <span class='ocrx_word' id='word_1_84' title='bbox 724 1700 830 1780; x_wconf 78' lang='lat' dir='ltr'>dicta3</span> <span class='ocrx_word' id='word_1_85' title='bbox 856 1700 1028 1781; x_wconf 87' lang='lat' dir='ltr'>‘Valeque,</span> <span class='ocrx_word' id='word_1_86' title='bbox 1151 1699 1213 1764; x_wconf 80' lang='lat'>175</span> 
     </span>
     <span class='ocr_line' id='line_1_15' title="bbox 178 1789 1076 1885; baseline 0.002 -19"><span class='ocrx_word' id='word_1_87' title='bbox 178 1805 208 1866; x_wconf 90' lang='lat' dir='ltr'>O</span> <span class='ocrx_word' id='word_1_88' title='bbox 222 1805 362 1885; x_wconf 87' lang='lat' dir='ltr'>conjux,&#39;</span> <span class='ocrx_word' id='word_1_89' title='bbox 379 1789 490 1869; x_wconf 77' lang='lat' dir='ltr'>dixdre</span> <span class='ocrx_word' id='word_1_90' title='bbox 507 1805 614 1884; x_wconf 89' lang='lat' dir='ltr'>simul,</span> <span class='ocrx_word' id='word_1_91' title='bbox 631 1805 727 1868; x_wconf 91' lang='lat' dir='ltr'>simul</span> <span class='ocrx_word' id='word_1_92' title='bbox 744 1805 853 1868; x_wconf 86' lang='lat' dir='ltr'>abdita</span> <span class='ocrx_word' id='word_1_93' title='bbox 868 1805 967 1868; x_wconf 85' lang='lat' dir='ltr'>texit</span> <span class='ocrx_word' id='word_1_94' title='bbox 1074 1835 1076 1840; x_wconf 33' lang='lat' dir='ltr'>v</span> 
     </span>
     <span class='ocr_line' id='line_1_16' title="bbox 174 1909 963 1992; baseline 0.003 -19"><span class='ocrx_word' id='word_1_95' title='bbox 174 1911 238 1973; x_wconf 91' lang='lat' dir='ltr'>Ora</span> <span class='ocrx_word' id='word_1_96' title='bbox 254 1909 370 1973; x_wconf 85' lang='lat' dir='ltr'>frutex.</span> <span class='ocrx_word' id='word_1_97' title='bbox 420 1910 567 1973; x_wconf 85' lang='lat' dir='ltr'>Ostendit</span> <span class='ocrx_word' id='word_1_98' title='bbox 584 1911 689 1973; x_wconf 85' lang='lat' dir='ltr'>adhue</span> <span class='ocrx_word' id='word_1_99' title='bbox 708 1912 879 1992; x_wconf 84' lang='lat' dir='ltr'>Tyaneius</span> <span class='ocrx_word' id='word_1_100' title='bbox 894 1911 963 1975; x_wconf 87' lang='lat' dir='ltr'>illic</span> 
     </span>
     <span class='ocr_line' id='line_1_17' title="bbox 172 2016 931 2098; baseline 0 -20"><span class='ocrx_word' id='word_1_101' title='bbox 172 2017 286 2080; x_wconf 89' lang='lat' dir='ltr'>lnc&#39;ola</span> <span class='ocrx_word' id='word_1_102' title='bbox 301 2016 342 2078; x_wconf 92' lang='lat' dir='ltr'>de</span> <span class='ocrx_word' id='word_1_103' title='bbox 359 2016 489 2098; x_wconf 87' lang='lat' dir='ltr'>gemino</span> <span class='ocrx_word' id='word_1_104' title='bbox 507 2016 630 2078; x_wconf 89' lang='lat' dir='ltr'>vicinos</span> <span class='ocrx_word' id='word_1_105' title='bbox 645 2035 774 2098; x_wconf 89' lang='lat' dir='ltr'>corpore</span> <span class='ocrx_word' id='word_1_106' title='bbox 791 2027 931 2079; x_wconf 80' lang='lat' dir='ltr'>truncos,</span> 
     </span>
     <span class='ocr_line' id='line_1_18' title="bbox 175 2120 1051 2209; baseline -0.001 -25"><span class='ocrx_word' id='word_1_107' title='bbox 175 2121 256 2184; x_wconf 84' lang='lat' dir='ltr'>llaec</span> <span class='ocrx_word' id='word_1_108' title='bbox 274 2122 355 2184; x_wconf 90' lang='lat' dir='ltr'>mihi</span> <span class='ocrx_word' id='word_1_109' title='bbox 371 2141 437 2183; x_wconf 89' lang='lat' dir='ltr'>nou</span> <span class='ocrx_word' id='word_1_110' title='bbox 453 2123 528 2183; x_wconf 89' lang='lat' dir='ltr'>varri</span> <span class='ocrx_word' id='word_1_111' title='bbox 545 2120 620 2202; x_wconf 90' lang='lat' dir='ltr'>(nec</span> <span class='ocrx_word' id='word_1_112' title='bbox 636 2133 702 2183; x_wconf 87' lang='lat' dir='ltr'>erat</span> <span class='ocrx_word' id='word_1_113' title='bbox 718 2141 775 2185; x_wconf 91' lang='lat' dir='ltr'>cur</span> <span class='ocrx_word' id='word_1_114' title='bbox 790 2120 898 2185; x_wconf 84' lang='lat' dir='ltr'>fallere</span> <span class='ocrx_word' id='word_1_115' title='bbox 913 2121 1051 2209; x_wconf 89' lang='lat' dir='ltr'>vellent)</span> 
     </span>
     <span class='ocr_line' id='line_1_19' title="bbox 174 2222 1214 2308; baseline -0.004 -19"><span class='ocrx_word' id='word_1_116' title='bbox 174 2225 348 2290; x_wconf 74' lang='lat' dir='ltr'>Narravdre</span> <span class='ocrx_word' id='word_1_117' title='bbox 364 2245 465 2288; x_wconf 90' lang='lat' dir='ltr'>senes.</span> <span class='ocrx_word' id='word_1_118' title='bbox 514 2225 675 2306; x_wconf 85' lang='lat' dir='ltr'>Equidem</span> <span class='ocrx_word' id='word_1_119' title='bbox 692 2225 865 2308; x_wconf 85' lang='lat' dir='ltr'>pendentia</span> <span class='ocrx_word' id='word_1_120' title='bbox 879 2226 948 2290; x_wconf 88' lang='lat' dir='ltr'>vidi</span> <span class='ocrx_word' id='word_1_121' title='bbox 1151 2222 1214 2287; x_wconf 89' lang='grc'>180</span> 
     </span>
     <span class='ocr_line' id='line_1_20' title="bbox 175 2331 975 2414; baseline -0.003 -20"><span class='ocrx_word' id='word_1_122' title='bbox 175 2332 269 2394; x_wconf 84' lang='lat' dir='ltr'>Serta</span> <span class='ocrx_word' id='word_1_123' title='bbox 284 2352 380 2413; x_wconf 89' lang='lat' dir='ltr'>super</span> <span class='ocrx_word' id='word_1_124' title='bbox 394 2350 509 2410; x_wconf 89' lang='lat' dir='ltr'>ramos,</span> <span class='ocrx_word' id='word_1_125' title='bbox 526 2350 711 2414; x_wconf 89' lang='lat' dir='ltr'>ponensque</span> <span class='ocrx_word' id='word_1_126' title='bbox 728 2332 879 2410; x_wconf 84' lang='lat' dir='ltr'>recentia,</span> <span class='ocrx_word' id='word_1_127' title='bbox 896 2331 975 2408; x_wconf 81' lang='lat' dir='ltr'>dixi,</span> 
     </span>
     <span class='ocr_line' id='line_1_21' title="bbox 175 2434 1024 2520; baseline -0.002 -20"><span class='ocrx_word' id='word_1_128' title='bbox 175 2438 279 2500; x_wconf 81' lang='lat' dir='ltr'>‘Oura</span> <span class='ocrx_word' id='word_1_129' title='bbox 293 2436 391 2500; x_wconf 84' lang='lat' dir='ltr'>dedrn</span> <span class='ocrx_word' id='word_1_130' title='bbox 407 2437 553 2520; x_wconf 79' lang='lat' dir='ltr'>pileum,</span> <span class='ocrx_word' id='word_1_131' title='bbox 569 2447 611 2514; x_wconf 88' lang='lat' dir='ltr'>et,</span> <span class='ocrx_word' id='word_1_132' title='bbox 628 2435 683 2516; x_wconf 91' lang='lat' dir='ltr'>qui</span> <span class='ocrx_word' id='word_1_133' title='bbox 698 2435 836 2514; x_wconf 68' lang='lat' dir='ltr'>coluere,</span> <span class='ocrx_word' id='word_1_134' title='bbox 852 2434 1024 2498; x_wconf 90' lang='lat' dir='ltr'>coluntur.’</span> 
     </span>
    </p>
   </div>
   <div class='ocr_carea' id='block_1_3' title="bbox 530 2749 859 2764">
    <p class='ocr_par' dir='ltr' id='par_1_4' title="bbox 530 2749 859 2764">
     <span class='ocr_line' id='line_1_22' title="bbox 530 2749 859 2764; baseline -0.006 0"><span class='ocrx_word' id='word_1_135' title='bbox 530 2749 859 2764; x_wconf 34' lang='grc' dir='ltr'><strong><em>ᾖ</em></strong></span> 
     </span>
    </p>
   </div>
   <div class='ocr_carea' id='block_1_4' title="bbox 562 2985 831 3052">
    <p class='ocr_par' dir='ltr' id='par_1_5' title="bbox 562 2985 831 3052">
     <span class='ocr_line' id='line_1_23' title="bbox 562 2985 831 3052; baseline -0.007 0"><span class='ocrx_word' id='word_1_136' title='bbox 562 2985 713 3052; x_wconf 86' lang='lat' dir='ltr'>BOOK</span> <span class='ocrx_word' id='word_1_137' title='bbox 751 2987 831 3051; x_wconf 88' lang='lat' dir='ltr'>IX.</span> 
     </span>
    </p>
   </div>
   <div class='ocr_carea' id='block_1_5' title="bbox 499 3235 879 3280">
    <p class='ocr_par' dir='ltr' id='par_1_6' title="bbox 499 3235 879 3280">
     <span class='ocr_line' id='line_1_24' title="bbox 499 3235 879 3280; baseline -0.005 -1"><span class='ocrx_word' id='word_1_138' title='bbox 499 3237 610 3279; x_wconf 73' lang='lat' dir='ltr'>naam</span> <span class='ocrx_word' id='word_1_139' title='bbox 635 3237 673 3278; x_wconf 76' lang='lat' dir='ltr'>OF</span> <span class='ocrx_word' id='word_1_140' title='bbox 699 3235 879 3280; x_wconf 75' lang='lat' dir='ltr'>HERCULES.</span> 
     </span>
    </p>
   </div>
   <div class='ocr_carea' id='block_1_6' title="bbox 629 3381 758 3444">
    <p class='ocr_par' dir='ltr' id='par_1_7' title="bbox 629 3381 758 3444">
     <span class='ocr_line' id='line_1_25' title="bbox 629 3381 758 3444; baseline 0 0"><span class='ocrx_word' id='word_1_141' title='bbox 629 3403 658 3444; x_wconf 88' lang='lat' dir='ltr'>v.</span> <span class='ocrx_word' id='word_1_142' title='bbox 687 3381 758 3444; x_wconf 82' lang='lat'>134.</span> 
     </span>
    </p>
   </div>
   <div class='ocr_carea' id='block_1_7' title="bbox 174 3489 1046 3883">
    <p class='ocr_par' dir='ltr' id='par_1_8' title="bbox 174 3489 1046 3795">
     <span class='ocr_line' id='line_1_26' title="bbox 174 3489 1046 3588; baseline -0.009 -16"><span class='ocrx_word' id='word_1_143' title='bbox 174 3506 293 3588; x_wconf 84' lang='lat' dir='ltr'>Longa</span> <span class='ocrx_word' id='word_1_144' title='bbox 308 3503 369 3569; x_wconf 86' lang='lat' dir='ltr'>luit</span> <span class='ocrx_word' id='word_1_145' title='bbox 384 3505 484 3568; x_wconf 90' lang='lat' dir='ltr'>medii</span> <span class='ocrx_word' id='word_1_146' title='bbox 501 3525 589 3567; x_wconf 89' lang='lat' dir='ltr'>mora</span> <span class='ocrx_word' id='word_1_147' title='bbox 605 3503 767 3584; x_wconf 86' lang='lat' dir='ltr'>temporis,</span> <span class='ocrx_word' id='word_1_148' title='bbox 785 3489 918 3583; x_wconf 83' lang='lat' dir='ltr'>actaque</span> <span class='ocrx_word' id='word_1_149' title='bbox 935 3501 1046 3583; x_wconf 86' lang='lat' dir='ltr'>magni</span> 
     </span>
     <span class='ocr_line' id='line_1_27' title="bbox 174 3609 990 3693; baseline -0.007 -19"><span class='ocrx_word' id='word_1_150' title='bbox 174 3610 329 3675; x_wconf 86' lang='lat' dir='ltr'>Herculis</span> <span class='ocrx_word' id='word_1_151' title='bbox 346 3610 514 3693; x_wconf 67' lang='lat' dir='ltr'>implerant</span> <span class='ocrx_word' id='word_1_152' title='bbox 530 3620 627 3671; x_wconf 89' lang='lat' dir='ltr'>terras</span> <span class='ocrx_word' id='word_1_153' title='bbox 643 3609 817 3688; x_wconf 87' lang='lat' dir='ltr'>odiumque</span> <span class='ocrx_word' id='word_1_154' title='bbox 834 3627 990 3670; x_wconf 78' lang='lat' dir='ltr'>novercae.</span> 
     </span>
     <span class='ocr_line' id='line_1_28' title="bbox 175 3713 895 3795; baseline -0.007 -16"><span class='ocrx_word' id='word_1_155' title='bbox 175 3715 289 3780; x_wconf 85' lang='lat' dir='ltr'>Victor</span> <span class='ocrx_word' id='word_1_156' title='bbox 304 3715 344 3778; x_wconf 90' lang='lat' dir='ltr'>ab</span> <span class='ocrx_word' id='word_1_157' title='bbox 362 3713 513 3778; x_wconf 76' lang='lat' dir='ltr'>OEchalia</span> <span class='ocrx_word' id='word_1_158' title='bbox 527 3716 647 3778; x_wconf 84' lang='lat' dir='ltr'>Oenaeo</span> <span class='ocrx_word' id='word_1_159' title='bbox 663 3732 752 3775; x_wconf 89' lang='lat' dir='ltr'>sacra</span> <span class='ocrx_word' id='word_1_160' title='bbox 767 3713 895 3795; x_wconf 87' lang='lat' dir='ltr'>parabat</span> 
     </span>
    </p>

    <p class='ocr_par' dir='ltr' id='par_1_9' title="bbox 489 3816 539 3883">
     <span class='ocr_line' id='line_1_29' title="bbox 489 3816 539 3883; baseline 0 -25"><span class='ocrx_word' id='word_1_161' title='bbox 489 3816 539 3883; x_wconf 69' lang='lat'>9*</span> 
     </span>
    </p>
   </div>
   <div class='ocr_carea' id='block_1_8' title="bbox 0 0 1325 4178">
    <p class='ocr_par' dir='ltr' id='par_1_10' title="bbox 0 0 1325 4178">
     <span class='ocr_line' id='line_1_30' title="bbox 0 0 1325 4178; baseline 0 0"><span class='ocrx_word' id='word_1_162' title='bbox 0 0 1325 4178; x_wconf 95' lang='lat' dir='ltr'> </span> 
     </span>
    </p>
   </div>
  </div>
 </body>
</html>
