2636 4178
97 232 161 296 124
381 255 497 307 ovm’s
519 253 839 306 METAMORPIIOSES.
913 289 918 293 -

465 613 614 680 BOOK
653 613 756 678 XII.

472 892 577 934 neom:
602 891 641 933 ol·
664 893 759 934 rame.

484 1057 486 1064 v
555 1049 591 1089 v.
616 1026 668 1090 39.

31 1173 42 1186 ··
97 1151 180 1214 Orbe
196 1151 287 1214 locus
302 1148 407 1212 medio
423 1159 471 1211 est
487 1149 569 1210 inter
584 1159 743 1229 terrasque
759 1147 938 1231 fretumque

96 1256 312 1336 Coelestesque
329 1254 446 1337 plagas,
463 1253 594 1335 triplicis
609 1253 750 1315 confinia
765 1253 886 1331 mundi,

97 1360 202 1440 Unde,
218 1360 305 1440 quod
320 1369 368 1422 est
385 1378 528 1439 usquam,
546 1357 694 1439 quemvis
710 1359 892 1440 regionibus
906 1360 999 1440 absit,

96 1466 276 1548 Inspicitur,
294 1475 501 1546 penetratque
517 1483 612 1526 cavas
627 1483 692 1525 vox
708 1465 813 1526 omnis
828 1464 869 1526 ad
884 1484 985 1528 aurea.

97 1572 200 1634 Fama
215 1581 312 1649 tenet,
329 1569 517 1650 summique
533 1569 666 1631 domum
682 1570 743 1631 sibi
759 1569 837 1650 legit
853 1570 887 1631 in
902 1589 983 1649 arce,
1111 1573 1132 1635 t

97 1677 351 1754 Innumerosque
367 1675 473 1737 aditus
488 1695 525 1737 ac
541 1673 629 1776 mille
645 1672 802 1736 foramina
816 1676 910 1738 tectis

97 1780 240 1856 Addidit,
257 1790 289 1843 et
305 1779 402 1842 nullis
418 1779 548 1842 inclusit
562 1778 677 1843 limina
692 1777 808 1861 portis:

96 1885 198 1950 Nocte
214 1884 330 1964 dieque
348 1893 433 1966 patet
447 1905 454 1963 3
478 1894 546 1946 tota
561 1893 609 1946 est
624 1902 666 1946 ex
682 1904 743 1946 aere
759 1886 895 1965 sonanti,
934 1894 937 1897 “

98 1990 187 2052 Tota
201 1988 319 2066 fremit,
335 2007 495 2068 vocesque
512 1986 615 2066 refert,
634 1989 799 2069 iteratque,
817 1990 903 2069 quod
918 1989 1014 2054 audit.

96 2094 194 2159 Nulla
207 2093 298 2173 quies
312 2094 409 2173 Intus,
425 2093 576 2173 nullaque
593 2093 721 2173 silentia
736 2105 843 2177 perte;
1090 2095 1131 2159 lo

97 2199 165 2262 Nec
182 2209 290 2260 tamen
306 2208 355 2260 est
371 2197 500 2277 clamor,
517 2198 573 2261 sed
589 2217 693 2280 parvae
710 2219 874 2264 murmura
888 2201 986 2282 vocis,

98 2304 222 2372 Qualia
234 2302 275 2366 de
292 2301 406 2386 pelagi,
423 2304 536 2384 siquis
552 2304 661 2386 procul
677 2303 801 2384 audiat,
813 2305 909 2368 undis

97 2408 179 2472 Esse
195 2409 309 2488 solent,
326 2409 496 2490 qualemve
512 2427 639 2488 sonum,
655 2407 730 2472 crlm
746 2408 872 2492 Jupiter
886 2420 969 2473 atras

97 2515 258 2597 increpuit
275 2514 387 2594 nubes,
404 2525 549 2578 extrema
563 2514 704 2578 tonitrua
717 2515 864 2578 reddunt.

96 2620 186 2682 Atria
202 2620 294 2684 turba
309 2631 417 2699 tenet;
443 2620 578 2683 veniunt
594 2620 664 2682 leve
680 2619 810 2701 vulgus,
828 2631 982 2701 euntque,
1091 2621 1131 2684 15

97 2725 262 2806 Mixtaque
278 2745 353 2789 cum
369 2726 453 2788 veris
469 2725 585 2806 passim
601 2735 784 2788 commenta
799 2736 954 2807 vagantur
1045 2731 1051 2744 '

97 2830 200 2893 Millia
216 2850 390 2908 rumorum,
408 2830 605 2910 confusaque
621 2831 720 2892 verba
735 2830 892 2893 volutant.

98 2935 128 2996 E
146 2935 263 3015 quibus
279 2935 314 2996 hi
330 2954 447 2996 vacuas
463 2935 597 3016 implent
612 2935 816 2998 sermonibus
831 2955 932 3015 aures,

97 3039 145 3102 Hi
161 3051 284 3102 narrata
298 3037 405 3102 serunt
421 3039 493 3118 alid,
511 3059 721 3120 mensuraque
738 3040 807 3103 ficti

98 3145 229 3223 Crescit,
246 3156 279 3207 et
294 3144 413 3207 auditis
428 3144 550 3224 aliquid
565 3165 669 3207 novus
684 3143 794 3224 adjicit
811 3157 930 3209 auctor.
1087 3144 1133 3207 to

97 3249 170 3314 Illic
187 3249 375 3329 Credulitas,
393 3249 460 3312 illic
477 3252 662 3313 temerarius
679 3251 786 3330 Erron

97 3356 250 3436 Vanaque
268 3355 397 3418 Laetitia
412 3367 470 3433 est,
487 3357 743 3435 consternatique
762 3356 921 3435 Timores,

99 3460 285 3540 Seditioque
302 3479 422 3539 recens,
439 3460 601 3540 dubioque
617 3472 746 3524 auctore
764 3461 901 3523 Susurri.

97 3566 170 3647 Ipsa
185 3565 263 3646 quid
279 3566 313 3647 in
328 3565 409 3627 coelo
426 3585 530 3628 rerum
546 3567 721 3648 pelagoque
739 3577 865 3648 geratur

98 3670 142 3732 Et
157 3669 268 3733 tellure
285 3668 384 3748 videt,
400 3681 567 3749 totumque
584 3671 713 3752 inquirit
730 3672 762 3734 in
779 3672 898 3734 orbem.
1087 3669 1133 3733 25
