2646 4176
663 243 762 295 Boon
783 243 820 296 11.

213 401 382 480 Condidit,
399 411 432 462 at
449 397 616 482 profugam
633 419 688 482 per
701 411 807 463 totum
824 403 933 464 terruit
950 401 1070 466 orbem.

216 507 361 572 Ultimus
378 507 537 568 immenso
552 505 702 584 restabas,
718 505 803 584 Nile,
819 506 929 569 labori.
994 579 996 584 ¹

220 615 326 682 Quom
343 610 442 674 simul
459 631 496 673 ao
513 611 630 692 tetigit,
647 611 822 693 positisque
839 612 873 674 in
888 611 1032 694 margine
1047 613 1124 696 ripm

218 715 393 782 Procubuit
410 716 559 798 genibus,
576 715 789 798 resupinoque
804 717 904 780 ardua
918 716 1013 797 collo,

218 827 311 894 Quos
328 821 435 904 potnit
450 821 545 900 solos,
563 821 681 884 tollens
694 821 735 884 ad
751 821 856 885 sidera
870 823 990 902 vultus,
1192 823 1258 901 590

216 929 260 992 Et
276 927 400 1010 gemitu
417 937 450 988 et
468 926 616 1008 lacrymis
632 939 664 989 et
679 927 840 990 luctisono
856 929 983 1009 mugitu

214 1037 300 1098 Cum
316 1033 399 1096 Jove
414 1033 485 1095 visa
500 1031 588 1112 queri
602 1043 662 1111 est,
678 1031 841 1113 finemquo
858 1052 944 1096 oraro
961 1034 1127 1098 malorum.

214 1137 376 1220 conjugis
391 1137 445 1198 iile
462 1155 528 1199 suae
544 1137 734 1219 complexus
749 1138 833 1202 colia
848 1138 984 1218 lacerna,

214 1245 328 1307 Finiat
345 1253 380 1306 nt
395 1262 506 1324 poenas
521 1242 663 1322 tandem,
680 1253 790 1325 rogat:
816 1245 938 1326 ‘Inque
955 1244 1101 1310 futurum

213 1350 304 1412 Pone
321 1348 449 1426 metuS‚’
466 1347 580 1429 iuquit,
600 1355 780 1429 ‘nunquam
798 1349 854 1412 tibi
871 1370 970 1413 causa
984 1351 1103 1413 doloris
1191 1351 1256 1414 595

218 1455 300 1518 Haeo
314 1455 373 1516 erit
384 1456 413 1517 :'
429 1462 461 1514 at
479 1451 611 1535 Stygias
623 1452 716 1532 jubet
732 1453 793 1516 hoc
810 1453 919 1517 audire
937 1455 1076 1536 paludes.

224 1559 270 1622 Ut
283 1559 377 1621 lenita
391 1559 453 1621 dea
467 1570 526 1637 ast,
543 1557 654 1621 vultus
669 1558 755 1639 capit
771 1557 827 1619 ilia
842 1558 969 1640 prioreS,

225 1665 348 1744 Fitque,
363 1663 452 1745 quod
467 1665 542 1728 autb
557 1661 630 1754 fuit.
678 1662 827 1744 Fugiunt
842 1681 860 1724 a
876 1681 1007 1746 corpora
1023 1675 1110 1745 sotto,

219 1771 346 1833 Cornua
360 1770 561 1848 decrescunt,
579 1767 616 1831 fit
632 1766 765 1831 luminis
779 1767 894 1832 arctior
910 1769 1003 1850 orbis,

119 1931 125 1938 .
214 1869 425 1939 Contrahitur
440 1875 548 1953 rictus,
565 1871 700 1937 redeunt
715 1873 907 1956 humerique
922 1893 1110 1958 manusque,
1190 1877 1256 1942 600

214 1981 412 2063 Ungulaque
428 1980 461 2042 in
478 1981 594 2060 quinos
609 1978 731 2062 dilapsa
746 1979 925 2043 absumitur
940 2000 1076 2064 ungues.

213 2085 266 2149 De
282 2087 366 2148 bove
381 2087 428 2150 ui]
444 2095 597 2168 superest,
614 2084 726 2149 formae
742 2085 805 2148 nisi
820 2086 949 2166 candor,
967 2087 1001 2151 in
1016 2087 1081 2167 illa,

215 2190 396 2273 Officioque
413 2191 532 2276 pedum
549 2191 693 2274 nymphe
709 2202 864 2255 contenta
877 2192 1027 2273 duorum,

215 2296 372 2379 Erigitur,
389 2296 567 2377 metuitque
582 2296 681 2378 loqui,
700 2317 739 2360 ne
755 2315 844 2360 more
856 2293 1008 2376 juvenem

214 2399 363 2484 Mugiat3
386 2413 418 2464 at
435 2401 548 2465 timidb
563 2402 661 2465 verba
677 2402 857 2464 intermissa
871 2413 1017 2466 retentat.
1191 2403 1257 2467 605

214 2505 311 2572 Nunc
327 2506 388 2570 dea
402 2507 554 2602 Niligona
567 2507 684 2571 colitur
699 2506 907 2570 celeberrima
922 2509 1024 2572 turbi.

556 2786 909 2802 mnu—„nn-

610 2997 761 3064 BOOK
800 2998 860 3064 ΙΙ.

499 3197 568 3240 THE
592 3196 718 3240 macta
743 3198 783 3239 01·
806 3198 874 3240 THE
899 3197 969 3240 SUN.

691 3353 722 3395 v.
750 3331 778 3394 1.

261 3449 373 3514 Panum
389 3451 477 3516 Solis
491 3462 558 3516 orat
574 3451 769 3517 sublimibus
785 3453 851 3516 ulta
865 3452 1037 3531 columnis,

214 3555 310 3619 Clara
325 3560 466 3621 micante
481 3577 558 3622 auro
586 3553 795 3639 flammasque
813 3557 960 3622 imitante
976 3573 1118 3641 pyropo;

214 3660 320 3742 Cujus
334 3664 416 3726 ebur
431 3661 571 3728 nitidum
586 3661 715 3754 fastigia
730 3681 859 3728 summa
874 3663 1014 3726 tenebat.
