2636 4178
560 261 660 312 BOOK
682 263 755 314 XIV.

160 419 278 487 Astraei
294 418 433 498 turbant,
448 429 480 480 et
495 429 574 482 eunt
590 417 625 482 in
640 418 759 501 proelia,
775 418 895 487 fratres.

161 525 192 588 E
207 524 328 605 quibus
342 521 427 592 alma
441 541 554 606 parens
569 523 666 586 unius
681 523 803 594 viribus
818 545 876 588 use

163 629 308 711 Stuppea
322 627 473 710 praerupit
490 626 641 720 Phrygiae
655 629 832 693 retinacula
846 629 966 710 elassis,

165 733 304 813 Fertque
318 743 403 795 rates
417 751 541 814 pronas,
558 731 728 813 medioque
745 731 804 798 sub
820 754 946 816 aequore
963 736 1087 820 mergit.
1155 735 1199 801 4⁰

165 838 292 902 Robore
308 836 443 916 mollito,
459 835 611 918 lignoque
627 837 661 900 in
677 857 807 920 corpora
822 859 925 920 verso,

164 944 204 1008 In
219 943 359 1026 capitum
375 941 475 1020 facies
489 961 611 1025 puppes
626 953 791 1008 mutantur
805 943 952 1025 aduncae,

162 1051 202 1113 In
217 1047 336 1130 digitos
350 1047 469 1110 abeunt
485 1037 518 1110 et
533 1066 625 1130 ¹oquru
640 1048 784 1114 natantia
798 1050 888 1128 remi,

160 1153 327 1234 Quodque
343 1153 432 1216 sinus
448 1151 561 1232 fuerat,
579 1152 662 1216 latus
678 1166 737 1234 est,
754 1155 931 1236 mediisque
947 1155 1055 1220 carina
1089 1213 1092 1218 .

158 1258 303 1322 Subdita
317 1257 453 1340 navigiis
468 1259 569 1340 spinae
586 1269 725 1322 mutatur
741 1260 774 1323 in
790 1279 897 1341 usum,
1155 1256 1199 1324 45
1308 1291 1311 1304 ·

158 1363 244 1426 Lina
258 1382 360 1425 comae
376 1364 499 1442 molles,
515 1374 665 1430 antennae
681 1363 811 1427 brechia
827 1364 919 1444 fiunt,

163 1468 317 1550 Gaetulus,
335 1480 370 1530 ut
387 1465 499 1546 suerat,
516 1467 603 1531 color
618 1477 675 1530 est.
723 1469 879 1548 Quasque
894 1469 969 1534 ante
985 1469 1154 1550 timebant,

166 1572 242 1636 Illas
257 1571 407 1655 virgineis
422 1581 574 1636 exercent
589 1571 713 1636 lusibus
728 1572 831 1634 undas

165 1677 283 1742 Naides
296 1699 461 1760 aequoreae,
478 1678 627 1758 durisque
644 1678 678 1740 in
693 1677 859 1740 montibus
874 1688 953 1740 ortae

165 1784 262 1847 Molle
278 1782 395 1848 fretum
411 1784 583 1862 celebrant,
598 1801 658 1846 nec
674 1802 728 1846 ees
742 1802 802 1846 sue
817 1782 920 1864 tangit
935 1782 1036 1866 origo.
1156 1783 1200 1848 ⁵0

161 1889 235 1954 Non
252 1902 359 1952 tamen
377 1889 494 1968 oblitae,
511 1889 607 1968 quem
624 1888 728 1954 multa
742 1887 884 1970 pericula
898 1907 986 1952 stevo

161 1994 354 2058 Pertulerint
371 1995 494 2078 pelago,
507 1991 636 2072 jactetis
651 2012 736 2075 saepe
752 1993 868 2058 cerinis

164 2099 368 2182 supposuere
385 2118 508 2178 manus,
525 2098 586 2162 uisi
602 2100 629 2162 si
645 2117 709 2180 qua
724 2099 862 2162 vehebat
878 2099 1042 2164 Achivos:

164 2204 272 2268 Cladis
287 2203 393 2266 adhue
410 2202 559 2286 Phrygiae
575 2223 743 2282 memores,
760 2203 855 2274 odere
872 2203 1034 2287 Pelasgos.

206 2310 288 2392 Spes
303 2321 379 2388 erat,
396 2308 428 2370 in
446 2309 605 2390 nymphas
619 2308 763 2375 animati
778 2308 879 2373 classe
895 2309 1042 2390 marines,
1157 2310 1200 2374 55

161 2414 260 2476 Posse
276 2425 363 2478 metu
381 2413 514 2476 monstri
531 2411 694 2476 Rutulum
709 2411 861 2476 desistere
877 2412 972 2476 bello.

161 2518 306 2598 Perstat3
332 2519 489 2597 habetque
505 2515 582 2579 deos
598 2536 668 2598 pars
684 2535 827 2597 utraque,
840 2515 989 2598 quodque
1005 2515 1139 2582 deorum
1150 2529 1199 2583 est

162 2625 275 2702 Instar,
291 2623 410 2686 habent
426 2622 559 2686 animos.
606 2620 674 2684 Neo
687 2638 755 2698 Jam
771 2619 890 2682 dotalia
905 2640 1013 2702 regna,

161 2728 230 2794 Neo
246 2738 405 2810 sceptrum
421 2727 533 2805 soceri,
551 2745 610 2790 uec
627 2735 667 2802 te,
684 2725 822 2788 Lavinia
837 2725 937 2808 virgo,

162 2833 230 2896 Sed
246 2834 361 2896 vicisse
378 2843 502 2914 petunt,
520 2829 767 2914 deponendique
783 2829 908 2913 pudore,
1156 2833 1200 2898 60

162 2937 252 3002 Belia
267 2949 391 3020 gerunt.
439 2935 653 3016 Tandemque
670 2933 780 2998 Venus
796 2933 940 2999 viotrieie
953 2935 1022 3000 nati

163 3045 261 3108 Arma
275 3042 376 3121 videt,
394 3042 589 3124 Turnusque
605 3039 702 3118 cadit,
718 3040 804 3104 eadit
818 3040 924 3104 Ardea
951 3041 1066 3104 Turno

163 3149 290 3232 Sospite
306 3148 393 3211 diota
408 3160 530 3230 potens.
579 3147 690 3215 Quam
707 3156 876 3228 postquem
893 3145 1044 3210 barbarus
1060 3146 1144 3230 ignis

160 3254 316 3332 Abstulit,
333 3264 365 3316 et
381 3252 489 3334 tepide
503 3251 664 3315 latuerunt
680 3262 765 3314 tecta
779 3249 900 3330 saville,

159 3359 320 3442 congerie
335 3379 353 3422 e
369 3357 476 3420 medii
491 3367 561 3420 tum
577 3355 714 3438 primbm
727 3357 859 3438 cognita
874 3376 995 3440 praepes
1155 3358 1199 3422 65

160 3464 331 3540 Subvolat‚
348 3474 380 3525 at
396 3462 519 3526 cineres
535 3461 654 3544 platrsis
669 3463 833 3526 everberat
848 3461 916 3526 elis.

159 3569 206 3636 Et
221 3588 320 3634 sonus
335 3577 368 3632 et
383 3568 506 3632 macies.
518 3579 550 3632 et
566 3568 666 3652 pallor
680 3580 713 3632 et
729 3569 848 3647 omnia,
865 3578 991 3651 captam
