2646 4176
508 717 512 724 -
560 673 711 740 BOOK
750 675 837 739 111.

474 951 689 994 aususausus
714 939 754 994 bs
779 953 917 997 cunutus.

642 1092 671 1134 v.
696 1069 749 1136 24.
790 1047 793 1052 Ι

211 1191 361 1256 Cadmus
375 1191 443 1274 agit
459 1203 573 1273 grates,
590 1193 829 1276 peregrinaeque
846 1194 956 1259 osenla
972 1206 1064 1260 terra

171 1299 274 1380 Figit,
291 1309 325 1360 et
342 1298 470 1379 ignotos
485 1310 614 1362 montes
629 1319 785 1382 agrosque
803 1300 928 1364 salutat.

172 1403 272 1464 Sacra
287 1403 307 1465 J
309 1403 362 1464 ovi
378 1401 522 1469 facturus
537 1413 624 1466 erat:
646 1401 740 1482 jubet
755 1405 799 1466 ire
816 1406 980 1468 ministros

175 1508 221 1570 Et
237 1520 342 1590 petere
358 1529 376 1570 e
392 1508 478 1571 vivis
493 1508 641 1572 libandas
656 1508 802 1572 fontibus
819 1510 931 1572 undas.

226 1613 315 1674 Silva
328 1625 420 1677 vetus
435 1615 552 1695 stabat,
569 1613 660 1678 nulli
676 1614 797 1677 violata
813 1615 928 1693 securi,

180 1719 223 1781 Et
240 1739 349 1800 specus
365 1721 399 1782 in
417 1719 535 1799 medio,
552 1719 654 1802 virgis
669 1739 706 1782 so
722 1719 845 1782 vimine
863 1720 994 1799 densus,
1080 1749 1085 1761 ,

173 1823 329 1888 Efficiens
345 1825 503 1888 humilem
519 1826 663 1908 lapidum
679 1826 892 1909 compagibus
907 1846 1028 1908 arcum,

172 1931 335 1994 Uberibus
350 1929 511 1996 fecundus
526 1932 639 2014 aquis:
663 1933 720 1995 ubi
737 1933 889 1996 conditus
904 1943 994 1996 antro
1043 1975 1048 1992 t

169 2038 309 2100 Martius
325 2039 440 2120 anguis
456 2050 532 2117 erat,
549 2039 654 2102 cristis
670 2038 836 2120 praesignis
851 2051 883 2102 et
900 2059 997 2120 aur03

171 2143 252 2226 Igne
271 2143 393 2206 micant
409 2143 505 2223 oculi,
523 2163 637 2226 corpus
654 2155 759 2207 tumet
774 2165 872 2208 omne
889 2165 1026 2224 venenu,
1178 2144 1218 2208 10

170 2250 322 2329 Tresque
338 2250 459 2312 micant
476 2248 597 2331 linguae
612 2271 619 2329 3
644 2251 762 2332 triplici
778 2263 864 2314 stant
880 2251 992 2314 ordine
1008 2251 1133 2314 dentes.

168 2355 286 2422 Quem
304 2366 471 2436 postquam
490 2357 595 2437 Tyrii
610 2357 722 2420 lucum
737 2355 777 2419 de
794 2367 890 2439 gente
908 2355 1044 2439 profecti

169 2459 320 2525 Infausto
337 2461 469 2543 tetigere
486 2461 596 2544 gradu,
613 2462 815 2542 demissaque
834 2463 866 2524 iu
883 2461 986 2524 undas

170 2568 264 2632 Urna
278 2566 367 2629 dedit
383 2567 537 2646 sonitum,
554 2567 653 2649 longo
671 2577 768 2648 caput
784 2566 903 2643 ontulit
919 2576 1010 2628 antro

170 2672 341 2736 Oaeruleus
357 2693 496 2756 serpens,
513 2672 736 2751 horrendaque
753 2671 847 2734 sibila
862 2671 959 2736 misit.
1179 2671 1219 2734 15

171 2779 341 2844 Effluxbre
358 2797 447 2842 urnae
464 2779 633 2858 manibus;
658 2776 853 2859 sanguisque
870 2777 1021 2857 relinquit
1186 2783 1189 2788 “

169 2885 309 2968 Corpus,
325 2895 357 2948 et
372 2885 527 2948 attonitos
542 2885 669 2950 subitus
684 2895 803 2950 tremor
819 2895 956 2966 occupat
971 2893 1069 2947 artus.

169 2991 234 3056 Ille
250 2991 448 3054 volubilibus
464 3010 652 3071 squamosos
668 2989 808 3053 nexibus
823 2989 915 3054 orbes

169 3096 333 3178 Torquet,
349 3109 382 3160 ot
399 3097 574 3160 immensus
589 3096 673 3160 saltu
690 3096 836 3160 sinuatur
852 3096 886 3160 in
901 3115 1005 3175 arcus,

168 3205 222 3270 Ac
239 3201 348 3266 medii
364 3202 433 3286 plius
448 3214 536 3288 parte
552 3203 640 3266 leves
655 3213 781 3266 erectus
798 3203 832 3266 in
846 3221 939 3264 auras
1176 3201 1221 3267 20

167 3308 321 3392 Despicit
337 3329 432 3373 omne
450 3329 574 3386 nemus,
592 3319 746 3388 tantoque
762 3319 811 3371 est
827 3327 966 3389 corpore,
983 3317 1115 3387 quanto,

168 3415 214 3480 Si
230 3425 335 3478 totum
351 3425 487 3498 spectes,
502 3415 652 3496 geminas
667 3413 723 3494 qui
740 3424 863 3496 separat
879 3415 1002 3484 Arctos.

168 3519 244 3584 Nec
263 3539 372 3584 mora:
397 3519 580 3599 Phoenicas,
597 3521 666 3584 sive
682 3519 732 3582 illi
746 3519 813 3582 tela
827 3518 982 3600 parabant

169 3625 259 3692 Sive
275 3624 399 3710 fugam,
414 3626 485 3692 sine
502 3625 570 3709 ipse
584 3625 680 3690 timor
698 3623 887 3708 prohibebat
903 3634 1087 3702 utrumque,

488 3729 541 3794 ,μ
