2646 4176
139 294 183 359 36
429 317 546 369 ovrus
567 317 890 370 rmrnrroarrrosas.

142 471 197 550 Et,
213 489 286 550 quae
301 441 677 536 Maeonias'celelirabant
691 473 832 536 carmine
848 473 940 556 ripas,

140 575 323 639 Flumineae
340 577 487 641 volucres
503 578 610 640 medio
625 579 751 643 caluere
768 579 913 660 Caystro.

140 679 234 744 Nilus
250 683 283 744 in
299 695 477 745 extremum
496 669 579 765 fugit
595 684 776 765 perterritus
791 685 911 763 orbem,

141 787 356 868 Occuluitque
372 800 477 870 caput,
495 787 580 867 quod
596 789 702 851 adhuc
720 789 818 868 latet;
843 788 925 851 ostia
939 799 1062 870 septem

142 891 371 955 Pulverulenta
386 906 512 971 vacant,
530 903 653 974 septem
669 895 737 957 siue
753 895 886 957 flumine
903 894 1011 957 valles.
1111 893 1178 956 255

143 997 224 1060 Fors
240 996 353 1060 eadem
371 998 526 1074 Ismarios,
536 997 683 1061 Hebrum
699 1018 775 1061 cum
792 999 977 1082 Strymone,
995 999 1102 1077 siccat,
1173 1007 1174 1014 ’

142 1101 379 1184 Hesperiosque
396 1121 518 1181 amnes,
538 1101 692 1166 Rhenum
701 1103 965 1184 Rhodanumque
978 1105 1177 1186 Padumque,

142 1207 267 1286 Cuique
284 1205 344 1269 luit
360 1227 464 1270 rerum
481 1207 635 1290 promissa
650 1208 800 1290 potentia,
819 1207 955 1271 Tibrim.

142 1311 267 1374 Dissilit
283 1331 378 1373 omne
396 1312 510 1391 solum,
529 1324 733 1394 penetratque
750 1314 783 1376 in
801 1313 936 1376 Tartara
950 1313 1039 1376 rimis

142 1415 280 1492 Lumen,
297 1429 329 1480 et
346 1417 507 1480 infernum
524 1425 618 1481 terret
634 1439 710 1482 cum
726 1418 866 1501 conjuge
882 1439 1011 1502 regem;
1112 1418 1178 1482 260

144 1521 187 1584 Et
202 1541 289 1584 mare
306 1523 514 1602 contrahitur,
531 1525 689 1605 siccaeque
705 1536 753 1588 est
768 1543 901 1607 campus
916 1545 1031 1604 arenae,
1139 1531 1142 1539 '

143 1626 245 1694 Quod
261 1628 357 1691 modi)
373 1639 490 1711 pontus
505 1642 591 1707 erat;
616 1651 758 1711 quosque
774 1631 876 1694 altum
893 1639 1015 1693 texerat
1030 1648 1148 1711 aequor,

143 1731 316 1796 Exsistunt
332 1747 469 1813 montes,
486 1747 519 1796 et
535 1756 657 1816 sparsas
674 1719 833 1815 Cpcladas
848 1746 977 1815 augent.

143 1837 215 1900 Ima
230 1848 343 1918 petunt
361 1841 472 1919 pisces,
490 1858 550 1900 nec
566 1858 599 1900 se
616 1859 710 1919 super
725 1857 853 1916 aequora
867 1838 958 1899 curvi

144 1940 274 2004 Tollere
291 1953 462 2004 consuetas
477 1943 597 2004 audent
613 1941 782 2022 delphines
799 1942 832 2002 in
848 1959 948 2002 auras,
1113 1938 1180 2002 265

143 2047 283 2126 Corpora
299 2047 472 2128 phocarum
488 2065 615 2108 summo
631 2046 778 2128 resupina
794 2043 972 2126 profundo·
1085 2063 1089 2069 ·

144 2151 339 2212 Exanimata
355 2162 475 2213 natant.
525 2150 635 2232 Ipsum
651 2169 778 2231 quoque
794 2151 898 2214 Nerea
913 2148 1000 2212 sama
1014 2157 1062 2211 est

143 2255 326 2334 Doridaque
342 2267 374 2318 et
389 2267 480 2318 natas
496 2255 612 2338 tepidis
627 2255 758 2319 latuisse
774 2256 833 2318 sub
850 2256 956 2318 antris.

145 2359 213 2424 Ter
229 2359 398 2444 Neptunus
413 2361 504 2442 aquis
519 2380 595 2425 cum
612 2373 704 2424 torvo
719 2361 851 2440 brachia
865 2360 960 2423 vultu

145 2464 300 2528 Exserere
316 2487 414 2530 ansus
428 2477 504 2546 erat,
520 2477 568 2530 ter
584 2486 649 2530 nou
666 2467 738 2531 tulit
755 2469 836 2529 aeris
851 2465 950 2547 ignes,
1115 2463 1180 2527 270

188 2571 285 2634 Alma
299 2582 409 2635 tamen
425 2573 552 2652 Tellus,
570 2583 605 2635 ut
621 2585 688 2635 erat
704 2571 902 2636 circumdata
919 2582 1026 2653 ponto,

141 2673 231 2740 'Inter
246 2697 344 2759 aquas
361 2679 465 2760 pelagi
480 2692 724 2758 contractosque
743 2677 884 2757 undique
901 2675 1017 2753 sontes,

144 2784 214 2851 Qui
230 2803 263 2844 se
280 2783 488 2846 condiderant
506 2771 536 2846 iu
555 2803 662 2864 opacae
680 2785 802 2844 viscera
818 2781 938 2857 matris,

146 2887 284 2950 Sustulit
301 2887 474 2950 omniferos
489 2887 573 2949 collo
589 2899 684 2948 tenus
699 2885 786 2947 arida
803 2884 921 2962 vultus,

145 2993 364 3074 Opposuitque
381 3011 513 3054 manum
530 2987 636 3067 fronti,
654 3009 836 3070 magnoque
853 3000 988 3052 tremore
1115 2988 1181 3052 275

146 3096 263 3159 Omnia
278 3097 467 3159 concutiens
483 3096 614 3178 pauldm
629 3095 783 3172 subsedit,
800 3106 832 3156 et
848 3092 940 3172 infra,

145 3202 257 3269 Quam
274 3202 354 3266 solet
370 3223 449 3280 esse,
466 3202 538 3280 tuit,
556 3201 706 3281 sacrique
724 3199 768 3262 ita
784 3219 863 3261 voce
880 3201 989 3262 locuta
1003 3209 1071 3262 est:

147 3307 204 3368 ‘Si
220 3307 324 3388 placet
341 3307 413 3384 hoc,
430 3305 606 3386 meruique,
623 3304 700 3385 quid
717 3325 736 3366 o
752 3316 808 3368 tua
824 3303 962 3368 fulmina
976 3314 1112 3384 cessant,

146 3411 280 3474 Summe
297 3411 417 3475 dedm?
463 3412 574 3474 Liceat
592 3413 736 3494 periturae
754 3411 875 3473 viribus
892 3411 974 3492 ignis

145 3518 225 3599 Igne
242 3516 345 3600 perire‘
358 3527 424 3596 tuo,
441 3517 628 3598 clademque
646 3527 774 3579 auctore
791 3517 906 3578 levare.
1114 3513 1183 3578 280

146 3622 209 3685 Vix
224 3623 373 3703 equidem
391 3622 498 3686 fauces
514 3625 583 3686 haec
601 3624 669 3706 ipsa
685 3625 719 3686 in
736 3623 832 3684 verba
848 3617 993 3698 resolvo,’

145 3726 320 3809 (Presserat
336 3749 391 3792 ora
407 3733 520 3818 vapor)
537 3738 656 3794 ‘tostos
672 3749 713 3792 en
728 3727 857 3810 adspice
872 3725 986 3800 crines,
