2636 4178
315 279 462 330 arrsrna
484 277 531 328 or
552 233 735 331 caraman
755 277 803 328 uo
824 277 1020 331 aaacuras.
1126 274 1195 342 169
1213 249 1217 258 ’

195 433 348 514 Cedunt3
372 421 545 506 dissimiles
561 431 614 498 bic
631 431 727 496 viret
743 431 796 496 ille
813 452 898 515 puer.
1147 433 1192 496 20

150 543 263 612 Quem
279 559 346 603 non
363 539 451 602 mille
468 537 750 620 ferae,rquem,non
767 537 975 602 Stheneleius
990 539 1102 619 hostis,

195 646 270 710 Non
285 645 391 728 potuit
406 644 425 707 J
427 663 492 706 uno
507 642 646 726 vincare,
663 643 764 707 vincit
780 645 889 708 Amor.

156 749 345 830 Maeandros,
362 750 458 814 toties
473 749 529 831 qui
545 748 635 822 terris
649 758 730 812 errat
745 748 780 812 in
794 746 908 829 isdem,

203 855 272 924 uui
285 854 384 918 lassas
399 855 434 918 in
449 875 483 918 se
499 855 584 939 saepe
599 863 760 934 retorquet
774 835 901 935 aquas,
920 899 921 904 η

158 961 246 1027 Vidit
262 961 296 1024 in
312 958 475 1023 Herculeo
490 977 646 1042 suspensa
661 958 797 1023 monilia
808 958 904 1040 collo,

200 1066 271 1143 Illo,
288 1064 342 1128 cui
355 1065 475 1128 coelum
489 1065 615 1132 sarcina
629 1083 727 1147 parva
740 1062 812 1128 fuit.

152 1171 226 1236 Non
244 1169 358 1254 puduit
374 1168 471 1234 fortes
486 1189 563 1232 auro
578 1169 728 1235 cohibere
742 1169 889 1250 lacertos,

199 1275 244 1339 Et
261 1274 372 1338 solidis
387 1263 532 1356 gemmas
547 1275 730 1358 apposuisse
747 1275 832 1362 toris

155 1383 280 1462 Nempe
297 1381 356 1443 sub
372 1381 423 1442 hia
437 1379 581 1444 animam
597 1379 694 1462 pestis
708 1379 863 1446 Nemeaea
876 1379 1002 1444 lacertis

204 1484 333 1566 Edidit;
357 1484 443 1548 unde
458 1485 613 1548 humerus
628 1484 772 1567 tegmina
786 1483 889 1548 laevus
904 1484 1012 1549 habet.

161 1592 267 1655 Ausus
280 1610 314 1652 es
328 1588 469 1654 hirsutos
484 1589 580 1652 mitrii
594 1588 741 1652 redimire
757 1588 914 1671 capillos:

204 1695 313 1778 Aptior
328 1693 498 1759 Herculem
515 1694 653 1786 populus
666 1693 876 1774 albacomae5

158 1800 225 1864 Nec
241 1811 271 1863 te
287 1799 429 1867 Maeonia
442 1799 571 1862 lasciva
588 1817 675 1862 more
691 1797 811 1882 puellae

201 1905 328 1988 Incingi
344 1904 427 1968 zoni
441 1904 634 1968 dedecuisse
644 1905 761 1988 putas?

157 2012 229 2075 Non
246 2011 305 2073 tibi
321 2010 476 2073 succurrit
491 2010 582 2074 crudi
597 2009 766 2074 Diomedis
781 2009 898 2094 imago,

203 2116 330 2179 Efferus
346 2115 488 2178 humani
501 2115 558 2197 qui
572 2115 653 2198 dape
670 2115 758 2200 pavit
773 2115 898 2197 equos?

159 2219 195 2283 Si
211 2233 243 2283 te
258 2220 392 2284 vidisset
408 2219 496 2284 cultu
515 2217 635 2284 Busiris
651 2221 685 2284 iri
701 2221 774 2302 isto,

163 2331 168 2340 '
193 2325 290 2389 ‘Huic
305 2325 409 2389 victor
426 2326 511 2388 victo
527 2344 643 2407 nempe
659 2325 828 2408 pudendus
842 2345 921 2388 eras.

157 2430 313 2494 Detrahat
329 2432 464 2496 Anisus
477 2430 560 2494 duro
574 2430 763 2494 redimicula
777 2429 872 2507 collo,

201 2537 249 2599 Ne
266 2537 372 2619 pigeat
388 2535 479 2602 molli
494 2535 796 2609 succubuisse-viro.

158 2641 245 2704 Inter
260 2641 404 2710 Ioniacas
417 2639 585 2705 calathum
600 2624 741 2702 tenuisse
758 2637 895 2722 puellas.

202 2745 334 2825 Diceris,
351 2759 383 2809 et
399 2744 538 2808 dominae
553 2743 755 2827 pertimuisse
771 2743 884 2806 minas.

156 2853 231 2918 Non
246 2850 342 2933 fugis,
358 2848 482 2928 Alcide,
499 2848 665 2914 victricem
677 2848 769 2925 mille
785 2847 931 2912 laborum

202 2957 366 3020 Rasilibus
381 2955 516 3019 calathis
532 2953 870 3037 imposuissemanum
885 2974 893 3034 ς

158 3063 332 3141 Omssaque
348 3060 479 3124 robusto
495 3059 635 3134 deducis
645 3058 759 3142 pollice
775 3058 840 3136 fila,

201 3165 370 3247 AEquaque
387 3164 535 3229 formosae
550 3183 649 3247 pensa
663 3163 813 3248 rependis
828 3163 937 3227 herae?

157 3272 231 3335 Ah!
256 3271 391 3351 quoties,
407 3253 516 3352 digitis
531 3270 610 3344 dum
627 3279 756 3350 torques
770 3269 908 3336 stamina
922 3267 1021 3347 duris,

157 3424 161 3436 .
202 3374 389 3440 Praevalidae
404 3373 724 3446 fusoscomminudre
740 3375 873 3438 manus!

155 3480 312 3561 Orederis,
329 3479 452 3560 infelix,
469 3479 600 3544 scutica
615 3477 821 3543 tremefactus
836 3478 981 3558 habenis,

202 3588 288 3651 Ante
305 3585 402 3670 pedes
416 3584 557 3648 domina
573 3584 780 3668 procubuisse
795 3594 870 3648 tuae.

159 3691 300 3756 Eximiis
316 3691 441 3777 pompis
456 3689 617 3774 praeconia
631 3709 759 3754 summa
774 3691 939 3774 triumphi,

471 3797 510 3858 15
