<?xml version="1.0" encoding="UTF-8"?>
<!DOCTYPE html PUBLIC "-//W3C//DTD XHTML 1.0 Transitional//EN"
    "http://www.w3.org/TR/xhtml1/DTD/xhtml1-transitional.dtd">
<html xmlns="http://www.w3.org/1999/xhtml" xml:lang="en" lang="en">
 <head>
  <title>
</title>
<meta http-equiv="Content-Type" content="text/html;charset=utf-8" />
  <meta name='ocr-system' content='tesseract 3.04.00' />
  <meta name='ocr-capabilities' content='ocr_page ocr_carea ocr_par ocr_line ocrx_word'/>
</head>
<body>
  <div class='ocr_page' id='page_1' title='image "./selectionsfromm00ovidgoog_0018.png"; bbox 0 0 2646 4176; ppageno 0'>
   <div class='ocr_carea' id='block_1_1' title="bbox 732 65 776 142">
    <p class='ocr_par' dir='ltr' id='par_1_1' title="bbox 732 65 776 142">
     <span class='ocr_line' id='line_1_1' title="bbox 732 65 776 142; baseline 0 -2"><span class='ocrx_word' id='word_1_1' title='bbox 732 65 776 142; x_wconf 77' lang='lat'><strong>0</strong></span> 
     </span>
    </p>
   </div>
   <div class='ocr_carea' id='block_1_2' title="bbox 604 245 1299 319">
    <p class='ocr_par' dir='ltr' id='par_1_2' title="bbox 604 245 1299 319">
     <span class='ocr_line' id='line_1_2' title="bbox 604 245 1299 319; baseline 0 -1"><span class='ocrx_word' id='word_1_2' title='bbox 604 265 750 319; x_wconf 79' lang='lat' dir='ltr'><strong>aoorra</strong></span> <span class='ocrx_word' id='word_1_3' title='bbox 1172 245 1195 310; x_wconf 77' lang='grc'>9</span> <span class='ocrx_word' id='word_1_4' title='bbox 1298 291 1299 318; x_wconf 45' lang='lat' dir='ltr'><strong>i</strong></span> 
     </span>
    </p>
   </div>
   <div class='ocr_carea' id='block_1_3' title="bbox 135 415 1194 2069">
    <p class='ocr_par' dir='ltr' id='par_1_3' title="bbox 154 415 1193 609">
     <span class='ocr_line' id='line_1_3' title="bbox 154 415 1193 507; baseline -0.01 -15"><span class='ocrx_word' id='word_1_5' title='bbox 154 427 260 507; x_wconf 85' lang='lat' dir='ltr'><strong>thue</strong></span> <span class='ocrx_word' id='word_1_6' title='bbox 275 423 350 487; x_wconf 78' lang='lat' dir='ltr'><strong>duce</strong></span> <span class='ocrx_word' id='word_1_7' title='bbox 366 420 482 486; x_wconf 71' lang='lat' dir='ltr'><strong>dextre</strong></span> <span class='ocrx_word' id='word_1_8' title='bbox 496 421 617 488; x_wconf 72' lang='lat' dir='ltr'><strong>coslum</strong></span> <span class='ocrx_word' id='word_1_9' title='bbox 631 421 830 504; x_wconf 82' lang='lat' dir='ltr'><strong>totidemque</strong></span> <span class='ocrx_word' id='word_1_10' title='bbox 845 421 974 487; x_wconf 72' lang='lat' dir='ltr'><strong>sinistri</strong></span> <span class='ocrx_word' id='word_1_11' title='bbox 1148 415 1193 482; x_wconf 78' lang='lat' dir='ltr'><strong>te</strong></span> 
     </span>
     <span class='ocr_line' id='line_1_4' title="bbox 157 527 959 609; baseline -0.01 -11"><span class='ocrx_word' id='word_1_12' title='bbox 157 532 247 598; x_wconf 87' lang='lat' dir='ltr'><strong>Parte</strong></span> <span class='ocrx_word' id='word_1_13' title='bbox 262 539 373 592; x_wconf 83' lang='lat' dir='ltr'><strong>secant</strong></span> <span class='ocrx_word' id='word_1_14' title='bbox 389 546 493 606; x_wconf 79' lang='lat' dir='ltr'><strong>zonae,</strong></span> <span class='ocrx_word' id='word_1_15' title='bbox 509 529 622 609; x_wconf 86' lang='lat' dir='ltr'><strong>quinta</strong></span> <span class='ocrx_word' id='word_1_16' title='bbox 635 538 685 592; x_wconf 87' lang='lat' dir='ltr'><strong>est</strong></span> <span class='ocrx_word' id='word_1_17' title='bbox 700 527 861 592; x_wconf 82' lang='lat' dir='ltr'><strong>ardentior</strong></span> <span class='ocrx_word' id='word_1_18' title='bbox 876 527 959 608; x_wconf 77' lang='lat' dir='ltr'><strong>illis5</strong></span> 
     </span>
    </p>

    <p class='ocr_par' dir='ltr' id='par_1_4' title="bbox 160 632 934 716">
     <span class='ocr_line' id='line_1_5' title="bbox 160 632 934 716; baseline -0.005 -16"><span class='ocrx_word' id='word_1_19' title='bbox 160 636 212 700; x_wconf 89' lang='lat' dir='ltr'><strong>Sic</strong></span> <span class='ocrx_word' id='word_1_20' title='bbox 228 654 309 716; x_wconf 82' lang='lat' dir='ltr'><strong>onus</strong></span> <span class='ocrx_word' id='word_1_21' title='bbox 324 633 489 696; x_wconf 89' lang='lat' dir='ltr'><strong>inclusum</strong></span> <span class='ocrx_word' id='word_1_22' title='bbox 504 652 638 698; x_wconf 87' lang='lat' dir='ltr'><strong>numero</strong></span> <span class='ocrx_word' id='word_1_23' title='bbox 653 633 803 698; x_wconf 85' lang='lat' dir='ltr'><strong>distinxit</strong></span> <span class='ocrx_word' id='word_1_24' title='bbox 818 632 934 697; x_wconf 87' lang='lat' dir='ltr'><strong>eodem</strong></span> 
     </span>
    </p>

    <p class='ocr_par' dir='ltr' id='par_1_5' title="bbox 157 738 1006 823">
     <span class='ocr_line' id='line_1_6' title="bbox 157 738 1006 823; baseline -0.006 -18"><span class='ocrx_word' id='word_1_25' title='bbox 157 743 238 805; x_wconf 81' lang='lat' dir='ltr'><strong>Oura</strong></span> <span class='ocrx_word' id='word_1_26' title='bbox 252 739 316 820; x_wconf 91' lang='lat' dir='ltr'><strong>dei,</strong></span> <span class='ocrx_word' id='word_1_27' title='bbox 333 738 532 818; x_wconf 88' lang='lat' dir='ltr'><strong>totidemque</strong></span> <span class='ocrx_word' id='word_1_28' title='bbox 548 739 652 823; x_wconf 81' lang='lat' dir='ltr'><strong>plagae</strong></span> <span class='ocrx_word' id='word_1_29' title='bbox 669 739 782 802; x_wconf 89' lang='lat' dir='ltr'><strong>tellure</strong></span> <span class='ocrx_word' id='word_1_30' title='bbox 798 747 1006 822; x_wconf 88' lang='lat' dir='ltr'><strong>premuntur:</strong></span> 
     </span>
    </p>

    <p class='ocr_par' dir='ltr' id='par_1_6' title="bbox 155 843 1059 926">
     <span class='ocr_line' id='line_1_7' title="bbox 155 843 1059 926; baseline -0.004 -16"><span class='ocrx_word' id='word_1_31' title='bbox 155 847 305 916; x_wconf 77' lang='lat' dir='ltr'><strong>Quarum</strong></span> <span class='ocrx_word' id='word_1_32' title='bbox 321 864 393 926; x_wconf 85' lang='lat' dir='ltr'><strong>quae</strong></span> <span class='ocrx_word' id='word_1_33' title='bbox 409 844 591 924; x_wconf 89' lang='lat' dir='ltr'><strong>mediaest,</strong></span> <span class='ocrx_word' id='word_1_34' title='bbox 608 855 739 908; x_wconf 90' lang='lat' dir='ltr'><strong>nonest</strong></span> <span class='ocrx_word' id='word_1_35' title='bbox 755 843 941 908; x_wconf 89' lang='lat' dir='ltr'><strong>habitabilis</strong></span> <span class='ocrx_word' id='word_1_36' title='bbox 956 853 1059 922; x_wconf 82' lang='lat' dir='ltr'><strong>aestu;</strong></span> 
     </span>
    </p>

    <p class='ocr_par' dir='ltr' id='par_1_7' title="bbox 135 945 1193 1244">
     <span class='ocr_line' id='line_1_8' title="bbox 152 945 1193 1032; baseline -0.007 -16"><span class='ocrx_word' id='word_1_37' title='bbox 152 951 217 1016; x_wconf 87' lang='lat' dir='ltr'><strong>Nix</strong></span> <span class='ocrx_word' id='word_1_38' title='bbox 233 950 315 1032; x_wconf 86' lang='lat' dir='ltr'><strong>tegit</strong></span> <span class='ocrx_word' id='word_1_39' title='bbox 330 949 395 1011; x_wconf 86' lang='lat' dir='ltr'><strong>alta</strong></span> <span class='ocrx_word' id='word_1_40' title='bbox 409 949 509 1029; x_wconf 90' lang='lat' dir='ltr'><strong>duas;</strong></span> <span class='ocrx_word' id='word_1_41' title='bbox 530 950 666 1013; x_wconf 87' lang='lat' dir='ltr'><strong>totidem</strong></span> <span class='ocrx_word' id='word_1_42' title='bbox 682 949 764 1014; x_wconf 89' lang='lat' dir='ltr'><strong>inter</strong></span> <span class='ocrx_word' id='word_1_43' title='bbox 776 963 945 1029; x_wconf 90' lang='lat' dir='ltr'><strong>utramque</strong></span> <span class='ocrx_word' id='word_1_44' title='bbox 961 948 1089 1027; x_wconf 83' lang='lat' dir='ltr'><strong>locarit,</strong></span> <span class='ocrx_word' id='word_1_45' title='bbox 1150 945 1193 1009; x_wconf 81' lang='lat'><strong>60</strong></span> 
     </span>
     <span class='ocr_line' id='line_1_9' title="bbox 135 1053 1029 1142; baseline -0.004 -21"><span class='ocrx_word' id='word_1_46' title='bbox 135 1135 137 1142; x_wconf 18' lang='grc' dir='ltr'><strong><em>Α</em></strong></span> <span class='ocrx_word' id='word_1_47' title='bbox 154 1055 427 1138; x_wconf 81' lang='lat' dir='ltr'><strong>Temperiemque</strong></span> <span class='ocrx_word' id='word_1_48' title='bbox 443 1053 531 1117; x_wconf 83' lang='lat' dir='ltr'><strong>dedit</strong></span> <span class='ocrx_word' id='word_1_49' title='bbox 548 1055 651 1118; x_wconf 76' lang='lat' dir='ltr'><strong>mixti</strong></span> <span class='ocrx_word' id='word_1_50' title='bbox 664 1075 741 1119; x_wconf 90' lang='lat' dir='ltr'><strong>cum</strong></span> <span class='ocrx_word' id='word_1_51' title='bbox 756 1053 873 1138; x_wconf 81' lang='lat' dir='ltr'><strong>frigore</strong></span> <span class='ocrx_word' id='word_1_52' title='bbox 888 1053 1029 1126; x_wconf 63' lang='lat' dir='ltr'><strong>flammi„</strong></span> 
     </span>
     <span class='ocr_line' id='line_1_10' title="bbox 152 1159 1000 1244; baseline -0.006 -17"><span class='ocrx_word' id='word_1_53' title='bbox 152 1162 309 1227; x_wconf 81' lang='lat' dir='ltr'><strong>Imminet</strong></span> <span class='ocrx_word' id='word_1_54' title='bbox 324 1159 376 1222; x_wconf 92' lang='lat' dir='ltr'><strong>his</strong></span> <span class='ocrx_word' id='word_1_55' title='bbox 391 1161 454 1238; x_wconf 72' lang='lat' dir='ltr'><strong>adr,</strong></span> <span class='ocrx_word' id='word_1_56' title='bbox 471 1159 535 1240; x_wconf 88' lang='lat' dir='ltr'><strong>qui,</strong></span> <span class='ocrx_word' id='word_1_57' title='bbox 553 1172 673 1241; x_wconf 88' lang='lat' dir='ltr'><strong>quanto</strong></span> <span class='ocrx_word' id='word_1_58' title='bbox 690 1170 738 1224; x_wconf 92' lang='lat' dir='ltr'><strong>est</strong></span> <span class='ocrx_word' id='word_1_59' title='bbox 754 1159 894 1244; x_wconf 88' lang='lat' dir='ltr'><strong>pondere</strong></span> <span class='ocrx_word' id='word_1_60' title='bbox 910 1169 1000 1224; x_wconf 86' lang='lat' dir='ltr'><strong>terrae</strong></span> 
     </span>
    </p>

    <p class='ocr_par' dir='ltr' id='par_1_8' title="bbox 151 1263 971 1348">
     <span class='ocr_line' id='line_1_11' title="bbox 151 1263 971 1348; baseline -0.004 -17"><span class='ocrx_word' id='word_1_61' title='bbox 151 1266 286 1331; x_wconf 87' lang='lat' dir='ltr'><strong>Pondus</strong></span> <span class='ocrx_word' id='word_1_62' title='bbox 302 1285 393 1346; x_wconf 82' lang='lat' dir='ltr'><strong>aquae</strong></span> <span class='ocrx_word' id='word_1_63' title='bbox 408 1263 522 1344; x_wconf 85' lang='lat' dir='ltr'><strong>levius,</strong></span> <span class='ocrx_word' id='word_1_64' title='bbox 540 1276 628 1330; x_wconf 89' lang='lat' dir='ltr'><strong>tanto</strong></span> <span class='ocrx_word' id='word_1_65' title='bbox 643 1277 691 1330; x_wconf 90' lang='lat' dir='ltr'><strong>est</strong></span> <span class='ocrx_word' id='word_1_66' title='bbox 707 1265 870 1330; x_wconf 84' lang='lat' dir='ltr'><strong>onerosior</strong></span> <span class='ocrx_word' id='word_1_67' title='bbox 885 1266 971 1348; x_wconf 88' lang='lat' dir='ltr'><strong>igne.</strong></span> 
     </span>
    </p>

    <p class='ocr_par' dir='ltr' id='par_1_9' title="bbox 153 1369 828 1449">
     <span class='ocr_line' id='line_1_12' title="bbox 153 1369 828 1449; baseline -0.003 -13"><span class='ocrx_word' id='word_1_68' title='bbox 153 1373 226 1437; x_wconf 90' lang='lat' dir='ltr'><strong>Illic</strong></span> <span class='ocrx_word' id='word_1_69' title='bbox 242 1382 276 1434; x_wconf 91' lang='lat' dir='ltr'><strong>et</strong></span> <span class='ocrx_word' id='word_1_70' title='bbox 292 1370 435 1449; x_wconf 82' lang='lat' dir='ltr'><strong>nebulas,</strong></span> <span class='ocrx_word' id='word_1_71' title='bbox 452 1369 517 1434; x_wconf 91' lang='lat' dir='ltr'><strong>illic</strong></span> <span class='ocrx_word' id='word_1_72' title='bbox 533 1371 707 1434; x_wconf 84' lang='lat' dir='ltr'><strong>consistere</strong></span> <span class='ocrx_word' id='word_1_73' title='bbox 723 1371 828 1434; x_wconf 91' lang='lat' dir='ltr'><strong>nubes</strong></span> 
     </span>
    </p>

    <p class='ocr_par' dir='ltr' id='par_1_10' title="bbox 160 1472 1194 1661">
     <span class='ocr_line' id='line_1_13' title="bbox 160 1472 1194 1555; baseline 0.002 -15"><span class='ocrx_word' id='word_1_74' title='bbox 160 1477 269 1555; x_wconf 78' lang='lat' dir='ltr'><strong>lussit,</strong></span> <span class='ocrx_word' id='word_1_75' title='bbox 284 1487 315 1538; x_wconf 89' lang='lat' dir='ltr'><strong>et</strong></span> <span class='ocrx_word' id='word_1_76' title='bbox 329 1477 488 1538; x_wconf 86' lang='lat' dir='ltr'><strong>humanas</strong></span> <span class='ocrx_word' id='word_1_77' title='bbox 503 1486 630 1540; x_wconf 89' lang='lat' dir='ltr'><strong>motura</strong></span> <span class='ocrx_word' id='word_1_78' title='bbox 645 1476 787 1540; x_wconf 90' lang='lat' dir='ltr'><strong>tonitrua</strong></span> <span class='ocrx_word' id='word_1_79' title='bbox 797 1484 934 1553; x_wconf 88' lang='lat' dir='ltr'><strong>mentes,</strong></span> <span class='ocrx_word' id='word_1_80' title='bbox 1151 1472 1194 1542; x_wconf 77' lang='lat'><strong>56</strong></span> 
     </span>
     <span class='ocr_line' id='line_1_14' title="bbox 164 1579 943 1661; baseline -0.004 -17"><span class='ocrx_word' id='word_1_81' title='bbox 164 1581 210 1644; x_wconf 89' lang='lat' dir='ltr'><strong>Et</strong></span> <span class='ocrx_word' id='word_1_82' title='bbox 225 1600 298 1642; x_wconf 90' lang='lat' dir='ltr'><strong>cum</strong></span> <span class='ocrx_word' id='word_1_83' title='bbox 311 1579 498 1644; x_wconf 78' lang='lat' dir='ltr'><strong>fulminibus</strong></span> <span class='ocrx_word' id='word_1_84' title='bbox 513 1579 671 1644; x_wconf 83' lang='lat' dir='ltr'><strong>facientes</strong></span> <span class='ocrx_word' id='word_1_85' title='bbox 685 1579 804 1661; x_wconf 83' lang='lat' dir='ltr'><strong>frigora</strong></span> <span class='ocrx_word' id='word_1_86' title='bbox 818 1589 943 1643; x_wconf 87' lang='lat' dir='ltr'><strong>ventos.</strong></span> 
     </span>
    </p>

    <p class='ocr_par' dir='ltr' id='par_1_11' title="bbox 151 1683 1094 1872">
     <span class='ocr_line' id='line_1_15' title="bbox 161 1683 1094 1768; baseline -0.003 -18"><span class='ocrx_word' id='word_1_87' title='bbox 161 1685 227 1750; x_wconf 89' lang='lat' dir='ltr'><strong>His</strong></span> <span class='ocrx_word' id='word_1_88' title='bbox 241 1683 358 1766; x_wconf 71' lang='lat' dir='ltr'><strong>quique</strong></span> <span class='ocrx_word' id='word_1_89' title='bbox 375 1705 441 1749; x_wconf 91' lang='lat' dir='ltr'><strong>non</strong></span> <span class='ocrx_word' id='word_1_90' title='bbox 457 1686 577 1768; x_wconf 89' lang='lat' dir='ltr'><strong>passim</strong></span> <span class='ocrx_word' id='word_1_91' title='bbox 592 1684 707 1748; x_wconf 90' lang='lat' dir='ltr'><strong>mundi</strong></span> <span class='ocrx_word' id='word_1_92' title='bbox 722 1684 892 1748; x_wconf 83' lang='lat' dir='ltr'><strong>fabricator</strong></span> <span class='ocrx_word' id='word_1_93' title='bbox 907 1683 1094 1749; x_wconf 89' lang='lat' dir='ltr'><strong>habendum</strong></span> 
     </span>
     <span class='ocr_line' id='line_1_16' title="bbox 151 1790 871 1872; baseline 0.001 -19"><span class='ocrx_word' id='word_1_94' title='bbox 151 1792 238 1854; x_wconf 73' lang='lat' dir='ltr'><strong>Adra</strong></span> <span class='ocrx_word' id='word_1_95' title='bbox 252 1790 396 1872; x_wconf 88' lang='lat' dir='ltr'><strong>permisit</strong></span> <span class='ocrx_word' id='word_1_96' title='bbox 410 1812 417 1870; x_wconf 92' lang='lat'>;</span> <span class='ocrx_word' id='word_1_97' title='bbox 441 1792 499 1852; x_wconf 85' lang='lat' dir='ltr'><strong>vix</strong></span> <span class='ocrx_word' id='word_1_98' title='bbox 514 1810 601 1853; x_wconf 91' lang='lat' dir='ltr'><strong>nunc</strong></span> <span class='ocrx_word' id='word_1_99' title='bbox 618 1791 783 1854; x_wconf 83' lang='lat' dir='ltr'><strong>obsistitur</strong></span> <span class='ocrx_word' id='word_1_100' title='bbox 798 1790 871 1869; x_wconf 90' lang='lat' dir='ltr'><strong>illis,</strong></span> 
     </span>
    </p>

    <p class='ocr_par' dir='ltr' id='par_1_12' title="bbox 151 1894 985 1978">
     <span class='ocr_line' id='line_1_17' title="bbox 151 1894 985 1978; baseline -0.002 -18"><span class='ocrx_word' id='word_1_101' title='bbox 151 1897 234 1960; x_wconf 78' lang='lat' dir='ltr'><strong>cum</strong></span> <span class='ocrx_word' id='word_1_102' title='bbox 250 1915 310 1958; x_wconf 90' lang='lat' dir='ltr'><strong>sua</strong></span> <span class='ocrx_word' id='word_1_103' title='bbox 326 1895 460 1976; x_wconf 91' lang='lat' dir='ltr'><strong>quisque</strong></span> <span class='ocrx_word' id='word_1_104' title='bbox 476 1906 565 1978; x_wconf 86' lang='lat' dir='ltr'><strong>regat</strong></span> <span class='ocrx_word' id='word_1_105' title='bbox 581 1894 707 1959; x_wconf 89' lang='lat' dir='ltr'><strong>diverso</strong></span> <span class='ocrx_word' id='word_1_106' title='bbox 723 1895 857 1959; x_wconf 87' lang='lat' dir='ltr'><strong>flamina</strong></span> <span class='ocrx_word' id='word_1_107' title='bbox 872 1901 985 1976; x_wconf 85' lang='lat' dir='ltr'><strong>tractu,</strong></span> 
     </span>
    </p>

    <p class='ocr_par' dir='ltr' id='par_1_13' title="bbox 153 1998 1194 2069">
     <span class='ocr_line' id='line_1_18' title="bbox 153 1998 1194 2069; baseline -0.005 0"><span class='ocrx_word' id='word_1_108' title='bbox 153 2001 247 2069; x_wconf 74' lang='lat' dir='ltr'><strong>Quin</strong></span> <span class='ocrx_word' id='word_1_109' title='bbox 259 2001 382 2063; x_wconf 89' lang='lat' dir='ltr'><strong>lanient</strong></span> <span class='ocrx_word' id='word_1_110' title='bbox 394 1999 571 2064; x_wconf 88' lang='lat' dir='ltr'><strong>mundum:</strong></span> <span class='ocrx_word' id='word_1_111' title='bbox 595 2011 685 2064; x_wconf 84' lang='lat' dir='ltr'><strong>tenta</strong></span> <span class='ocrx_word' id='word_1_112' title='bbox 694 2012 748 2064; x_wconf 63' lang='lat' dir='ltr'><strong>‚est</strong></span> <span class='ocrx_word' id='word_1_113' title='bbox 759 2000 919 2066; x_wconf 86' lang='lat' dir='ltr'><strong>discordia</strong></span> <span class='ocrx_word' id='word_1_114' title='bbox 929 1998 1081 2065; x_wconf 85' lang='lat' dir='ltr'><strong>fratrum!</strong></span> <span class='ocrx_word' id='word_1_115' title='bbox 1150 1998 1194 2064; x_wconf 80' lang='lat'><strong>60</strong></span> 
     </span>
    </p>
   </div>
   <div class='ocr_carea' id='block_1_4' title="bbox 24 2104 980 2292">
    <p class='ocr_par' dir='ltr' id='par_1_14' title="bbox 24 2104 980 2292">
     <span class='ocr_line' id='line_1_19' title="bbox 30 2104 980 2193; baseline 0.003 -26"><span class='ocrx_word' id='word_1_116' title='bbox 30 2173 41 2193; x_wconf 82' lang='lat'>.</span> <span class='ocrx_word' id='word_1_117' title='bbox 153 2105 262 2169; x_wconf 88' lang='lat' dir='ltr'><strong>Eurus</strong></span> <span class='ocrx_word' id='word_1_118' title='bbox 277 2104 319 2168; x_wconf 90' lang='lat' dir='ltr'><strong>ad</strong></span> <span class='ocrx_word' id='word_1_119' title='bbox 335 2107 490 2170; x_wconf 85' lang='lat' dir='ltr'><strong>Auroram</strong></span> <span class='ocrx_word' id='word_1_120' title='bbox 505 2106 720 2188; x_wconf 77' lang='lat' dir='ltr'><strong>Nabataeaque</strong></span> <span class='ocrx_word' id='word_1_121' title='bbox 737 2125 835 2188; x_wconf 84' lang='lat' dir='ltr'><strong>regna</strong></span> <span class='ocrx_word' id='word_1_122' title='bbox 849 2107 980 2170; x_wconf 82' lang='lat' dir='ltr'><strong>recessit</strong></span> 
     </span>
     <span class='ocr_line' id='line_1_20' title="bbox 24 2209 948 2292; baseline 0 -18"><span class='ocrx_word' id='word_1_123' title='bbox 24 2222 62 2248; x_wconf 65' lang='lat'><strong>⁹*</strong></span> <span class='ocrx_word' id='word_1_124' title='bbox 151 2209 347 2292; x_wconf 85' lang='lat' dir='ltr'><strong>Persidaque</strong></span> <span class='ocrx_word' id='word_1_125' title='bbox 362 2221 396 2274; x_wconf 88' lang='lat' dir='ltr'><strong>et</strong></span> <span class='ocrx_word' id='word_1_126' title='bbox 410 2210 506 2274; x_wconf 89' lang='lat' dir='ltr'><strong>radiis</strong></span> <span class='ocrx_word' id='word_1_127' title='bbox 518 2210 598 2292; x_wconf 84' lang='lat' dir='ltr'><strong>juga</strong></span> <span class='ocrx_word' id='word_1_128' title='bbox 613 2211 743 2284; x_wconf 76' lang='lat' dir='ltr'><strong>subdite</strong></span> <span class='ocrx_word' id='word_1_129' title='bbox 757 2212 926 2286; x_wconf 80' lang='lat' dir='ltr'><strong>matutinis</strong></span> <span class='ocrx_word' id='word_1_130' title='bbox 938 2233 948 2290; x_wconf 86' lang='lat'>;</span> 
     </span>
    </p>
   </div>
   <div class='ocr_carea' id='block_1_5' title="bbox 151 2315 1189 2504">
    <p class='ocr_par' dir='ltr' id='par_1_15' title="bbox 151 2315 1189 2504">
     <span class='ocr_line' id='line_1_21' title="bbox 151 2315 959 2399; baseline 0 -21"><span class='ocrx_word' id='word_1_131' title='bbox 151 2315 274 2399; x_wconf 84' lang='lat' dir='ltr'><strong>Vesper</strong></span> <span class='ocrx_word' id='word_1_132' title='bbox 289 2325 322 2378; x_wconf 90' lang='lat' dir='ltr'><strong>et</strong></span> <span class='ocrx_word' id='word_1_133' title='bbox 338 2315 475 2380; x_wconf 89' lang='lat' dir='ltr'><strong>occiduo</strong></span> <span class='ocrx_word' id='word_1_134' title='bbox 489 2336 562 2397; x_wconf 81' lang='lat' dir='ltr'><strong>quae</strong></span> <span class='ocrx_word' id='word_1_135' title='bbox 578 2317 684 2381; x_wconf 90' lang='lat' dir='ltr'><strong>littora</strong></span> <span class='ocrx_word' id='word_1_136' title='bbox 698 2316 764 2392; x_wconf 88' lang='lat' dir='ltr'><strong>sole</strong></span> <span class='ocrx_word' id='word_1_137' title='bbox 781 2327 959 2398; x_wconf 87' lang='lat' dir='ltr'><strong>tepescunt,</strong></span> 
     </span>
     <span class='ocr_line' id='line_1_22' title="bbox 152 2419 1189 2504; baseline 0 -22"><span class='ocrx_word' id='word_1_138' title='bbox 152 2419 308 2483; x_wconf 83' lang='lat' dir='ltr'><strong>Proxima</strong></span> <span class='ocrx_word' id='word_1_139' title='bbox 321 2430 396 2483; x_wconf 88' lang='lat' dir='ltr'><strong>sunt</strong></span> <span class='ocrx_word' id='word_1_140' title='bbox 414 2421 570 2502; x_wconf 86' lang='lat' dir='ltr'><strong>Zephyro</strong></span> <span class='ocrx_word' id='word_1_141' title='bbox 584 2442 592 2501; x_wconf 83' lang='lat'>3</span> <span class='ocrx_word' id='word_1_142' title='bbox 618 2421 792 2504; x_wconf 85' lang='lat' dir='ltr'><strong>Scythiam</strong></span> <span class='ocrx_word' id='word_1_143' title='bbox 806 2421 1002 2503; x_wconf 77' lang='lat' dir='ltr'><strong>septemque</strong></span> <span class='ocrx_word' id='word_1_144' title='bbox 1018 2420 1139 2484; x_wconf 86' lang='lat' dir='ltr'><strong>triones</strong></span> <span class='ocrx_word' id='word_1_145' title='bbox 1185 2475 1189 2482; x_wconf 81' lang='grc'>,</span> 
     </span>
    </p>
   </div>
   <div class='ocr_carea' id='block_1_6' title="bbox 24 2523 1194 2605">
    <p class='ocr_par' dir='ltr' id='par_1_16' title="bbox 24 2523 1194 2605">
     <span class='ocr_line' id='line_1_23' title="bbox 24 2523 1194 2605; baseline 0.001 -18"><span class='ocrx_word' id='word_1_146' title='bbox 24 2569 43 2598; x_wconf 67' lang='grc'><strong>,</strong></span> <span class='ocrx_word' id='word_1_147' title='bbox 157 2523 302 2588; x_wconf 86' lang='lat' dir='ltr'><strong>Horriser</strong></span> <span class='ocrx_word' id='word_1_148' title='bbox 317 2524 434 2588; x_wconf 88' lang='lat' dir='ltr'><strong>invasit</strong></span> <span class='ocrx_word' id='word_1_149' title='bbox 449 2527 586 2605; x_wconf 79' lang='lat' dir='ltr'><strong>Boreas;</strong></span> <span class='ocrx_word' id='word_1_150' title='bbox 610 2527 769 2590; x_wconf 85' lang='lat' dir='ltr'><strong>contraria</strong></span> <span class='ocrx_word' id='word_1_151' title='bbox 784 2525 879 2588; x_wconf 89' lang='lat' dir='ltr'><strong>tellus</strong></span> <span class='ocrx_word' id='word_1_152' title='bbox 1150 2525 1194 2588; x_wconf 84' lang='grc'><strong>66</strong></span> 
     </span>
    </p>
   </div>
   <div class='ocr_carea' id='block_1_7' title="bbox 149 2627 1194 3342">
    <p class='ocr_par' dir='ltr' id='par_1_17' title="bbox 151 2627 1087 2922">
     <span class='ocr_line' id='line_1_24' title="bbox 153 2627 1014 2713; baseline 0 -21"><span class='ocrx_word' id='word_1_153' title='bbox 153 2627 304 2694; x_wconf 90' lang='lat' dir='ltr'><strong>Nubibus</strong></span> <span class='ocrx_word' id='word_1_154' title='bbox 318 2629 454 2694; x_wconf 87' lang='lat' dir='ltr'><strong>assiduis</strong></span> <span class='ocrx_word' id='word_1_155' title='bbox 469 2631 642 2713; x_wconf 89' lang='lat' dir='ltr'><strong>pluvioque</strong></span> <span class='ocrx_word' id='word_1_156' title='bbox 659 2629 814 2693; x_wconf 87' lang='lat' dir='ltr'><strong>madescit</strong></span> <span class='ocrx_word' id='word_1_157' title='bbox 830 2629 870 2690; x_wconf 92' lang='lat' dir='ltr'><strong>ab</strong></span> <span class='ocrx_word' id='word_1_158' title='bbox 887 2629 1014 2692; x_wconf 84' lang='lat' dir='ltr'><strong>Austro.</strong></span> 
     </span>
     <span class='ocr_line' id='line_1_25' title="bbox 151 2726 1087 2818; baseline -0.003 -17"><span class='ocrx_word' id='word_1_159' title='bbox 151 2735 236 2801; x_wconf 83' lang='lat' dir='ltr'><strong>Haec</strong></span> <span class='ocrx_word' id='word_1_160' title='bbox 253 2736 514 2818; x_wconf 89' lang='lat' dir='ltr'><strong>superimposuit</strong></span> <span class='ocrx_word' id='word_1_161' title='bbox 530 2726 689 2816; x_wconf 87' lang='lat' dir='ltr'><strong>liquidum</strong></span> <span class='ocrx_word' id='word_1_162' title='bbox 705 2746 737 2799; x_wconf 90' lang='lat' dir='ltr'><strong>et</strong></span> <span class='ocrx_word' id='word_1_163' title='bbox 753 2734 909 2816; x_wconf 85' lang='lat' dir='ltr'><strong>gravitate</strong></span> <span class='ocrx_word' id='word_1_164' title='bbox 924 2745 1087 2798; x_wconf 87' lang='lat' dir='ltr'><strong>carentem</strong></span> 
     </span>
     <span class='ocr_line' id='line_1_26' title="bbox 151 2839 1021 2922; baseline 0 -18"><span class='ocrx_word' id='word_1_165' title='bbox 151 2839 300 2920; x_wconf 78' lang='lat' dir='ltr'><strong>AEthera,</strong></span> <span class='ocrx_word' id='word_1_166' title='bbox 317 2860 376 2904; x_wconf 88' lang='lat' dir='ltr'><strong>nec</strong></span> <span class='ocrx_word' id='word_1_167' title='bbox 393 2841 565 2922; x_wconf 90' lang='lat' dir='ltr'><strong>quicquam</strong></span> <span class='ocrx_word' id='word_1_168' title='bbox 582 2853 714 2904; x_wconf 75' lang='lat' dir='ltr'><strong>terrena</strong></span> <span class='ocrx_word' id='word_1_169' title='bbox 731 2839 822 2904; x_wconf 83' lang='lat' dir='ltr'><strong>faecis</strong></span> <span class='ocrx_word' id='word_1_170' title='bbox 838 2841 1021 2906; x_wconf 86' lang='lat' dir='ltr'><strong>habentem.</strong></span> 
     </span>
    </p>

    <p class='ocr_par' dir='ltr' id='par_1_18' title="bbox 149 2945 1194 3342">
     <span class='ocr_line' id='line_1_27' title="bbox 198 2945 944 3028; baseline 0.001 -19"><span class='ocrx_word' id='word_1_171' title='bbox 198 2945 264 3009; x_wconf 83' lang='lat' dir='ltr'><strong>Vix</strong></span> <span class='ocrx_word' id='word_1_172' title='bbox 280 2946 326 3008; x_wconf 90' lang='lat' dir='ltr'><strong>ita</strong></span> <span class='ocrx_word' id='word_1_173' title='bbox 339 2945 496 3009; x_wconf 87' lang='lat' dir='ltr'><strong>limitibus</strong></span> <span class='ocrx_word' id='word_1_174' title='bbox 511 2946 699 3028; x_wconf 88' lang='lat' dir='ltr'><strong>dissepserat</strong></span> <span class='ocrx_word' id='word_1_175' title='bbox 716 2946 826 3011; x_wconf 87' lang='lat' dir='ltr'><strong>omnia</strong></span> <span class='ocrx_word' id='word_1_176' title='bbox 839 2947 944 3025; x_wconf 89' lang='lat' dir='ltr'><strong>certis,</strong></span> 
     </span>
     <span class='ocr_line' id='line_1_28' title="bbox 151 3050 1194 3132; baseline 0.001 -18"><span class='ocrx_word' id='word_1_177' title='bbox 151 3050 251 3129; x_wconf 76' lang='lat' dir='ltr'><strong>cnm,</strong></span> <span class='ocrx_word' id='word_1_178' title='bbox 268 3069 340 3132; x_wconf 84' lang='lat' dir='ltr'><strong>quae</strong></span> <span class='ocrx_word' id='word_1_179' title='bbox 356 3070 463 3132; x_wconf 89' lang='lat' dir='ltr'><strong>pressa</strong></span> <span class='ocrx_word' id='word_1_180' title='bbox 478 3051 533 3114; x_wconf 89' lang='lat' dir='ltr'><strong>diu</strong></span> <span class='ocrx_word' id='word_1_181' title='bbox 551 3052 655 3114; x_wconf 75' lang='lat' dir='ltr'><strong>massi</strong></span> <span class='ocrx_word' id='word_1_182' title='bbox 669 3051 793 3116; x_wconf 76' lang='lat' dir='ltr'><strong>letudre</strong></span> <span class='ocrx_word' id='word_1_183' title='bbox 810 3054 869 3116; x_wconf 90' lang='lat' dir='ltr'><strong>sub</strong></span> <span class='ocrx_word' id='word_1_184' title='bbox 886 3051 954 3132; x_wconf 76' lang='lat' dir='ltr'><strong>illu,</strong></span> <span class='ocrx_word' id='word_1_185' title='bbox 1150 3051 1194 3116; x_wconf 82' lang='lat'><strong>⁷0</strong></span> 
     </span>
     <span class='ocr_line' id='line_1_29' title="bbox 152 3155 863 3245; baseline 0 -25"><span class='ocrx_word' id='word_1_186' title='bbox 152 3155 270 3220; x_wconf 87' lang='lat' dir='ltr'><strong>Sidera</strong></span> <span class='ocrx_word' id='word_1_187' title='bbox 283 3168 448 3238; x_wconf 83' lang='lat' dir='ltr'><strong>coeperunt</strong></span> <span class='ocrx_word' id='word_1_188' title='bbox 464 3167 532 3219; x_wconf 91' lang='lat' dir='ltr'><strong>toto</strong></span> <span class='ocrx_word' id='word_1_189' title='bbox 548 3156 754 3245; x_wconf 83' lang='lat' dir='ltr'><strong>effervescere</strong></span> <span class='ocrx_word' id='word_1_190' title='bbox 770 3157 863 3220; x_wconf 85' lang='lat' dir='ltr'><strong>coelo.</strong></span> 
     </span>
     <span class='ocr_line' id='line_1_30' title="bbox 149 3259 918 3342; baseline 0.001 -16"><span class='ocrx_word' id='word_1_191' title='bbox 149 3260 228 3330; x_wconf 82' lang='lat' dir='ltr'><strong>Neu</strong></span> <span class='ocrx_word' id='word_1_192' title='bbox 243 3259 333 3342; x_wconf 84' lang='lat' dir='ltr'><strong>regio</strong></span> <span class='ocrx_word' id='word_1_193' title='bbox 349 3259 432 3323; x_wconf 83' lang='lat' dir='ltr'><strong>foret</strong></span> <span class='ocrx_word' id='word_1_194' title='bbox 447 3261 513 3324; x_wconf 82' lang='lat' dir='ltr'><strong>ulla</strong></span> <span class='ocrx_word' id='word_1_195' title='bbox 527 3261 594 3324; x_wconf 88' lang='lat' dir='ltr'><strong>suis</strong></span> <span class='ocrx_word' id='word_1_196' title='bbox 610 3263 805 3339; x_wconf 82' lang='lat' dir='ltr'><strong>animalibus</strong></span> <span class='ocrx_word' id='word_1_197' title='bbox 821 3263 918 3327; x_wconf 87' lang='lat' dir='ltr'><strong>orba:</strong></span> 
     </span>
    </p>
   </div>
   <div class='ocr_carea' id='block_1_8' title="bbox 24 3364 1001 3463">
    <p class='ocr_par' dir='ltr' id='par_1_19' title="bbox 24 3364 1001 3463">
     <span class='ocr_line' id='line_1_31' title="bbox 24 3364 1001 3463; baseline 0.003 -32"><span class='ocrx_word' id='word_1_198' title='bbox 24 3373 37 3390; x_wconf 76' lang='lat'><em>*</em></span> <span class='ocrx_word' id='word_1_199' title='bbox 147 3367 250 3432; x_wconf 81' lang='lat' dir='ltr'><strong>Astra</strong></span> <span class='ocrx_word' id='word_1_200' title='bbox 264 3375 377 3429; x_wconf 90' lang='lat' dir='ltr'><strong>tenent</strong></span> <span class='ocrx_word' id='word_1_201' title='bbox 392 3365 520 3438; x_wconf 88' lang='lat' dir='ltr'><strong>coeleste</strong></span> <span class='ocrx_word' id='word_1_202' title='bbox 537 3366 642 3430; x_wconf 91' lang='lat' dir='ltr'><strong>solum</strong></span> <span class='ocrx_word' id='word_1_203' title='bbox 658 3364 832 3448; x_wconf 82' lang='lat' dir='ltr'><strong>formaeque</strong></span> <span class='ocrx_word' id='word_1_204' title='bbox 848 3367 1001 3463; x_wconf 80' lang='lat' dir='ltr'><strong>deorum3</strong></span> 
     </span>
    </p>
   </div>
   <div class='ocr_carea' id='block_1_9' title="bbox 150 3470 1196 3766">
    <p class='ocr_par' dir='ltr' id='par_1_20' title="bbox 150 3470 1196 3766">
     <span class='ocr_line' id='line_1_32' title="bbox 150 3470 945 3555; baseline 0 -19"><span class='ocrx_word' id='word_1_205' title='bbox 150 3471 329 3536; x_wconf 79' lang='lat' dir='ltr'><strong>Cesserunt</strong></span> <span class='ocrx_word' id='word_1_206' title='bbox 345 3470 455 3534; x_wconf 91' lang='lat' dir='ltr'><strong>nitidis</strong></span> <span class='ocrx_word' id='word_1_207' title='bbox 470 3470 655 3536; x_wconf 72' lang='lat' dir='ltr'><strong>habitanda</strong></span> <span class='ocrx_word' id='word_1_208' title='bbox 671 3473 813 3555; x_wconf 88' lang='lat' dir='ltr'><strong>piscibus</strong></span> <span class='ocrx_word' id='word_1_209' title='bbox 829 3472 945 3554; x_wconf 67' lang='lat' dir='ltr'><strong>undaej</strong></span> 
     </span>
     <span class='ocr_line' id='line_1_33' title="bbox 150 3573 1196 3660; baseline 0 -19"><span class='ocrx_word' id='word_1_210' title='bbox 150 3576 259 3641; x_wconf 85' lang='lat' dir='ltr'><strong>Terra</strong></span> <span class='ocrx_word' id='word_1_211' title='bbox 274 3573 356 3638; x_wconf 88' lang='lat' dir='ltr'><strong>feras</strong></span> <span class='ocrx_word' id='word_1_212' title='bbox 371 3578 466 3659; x_wconf 89' lang='lat' dir='ltr'><strong>cepit,</strong></span> <span class='ocrx_word' id='word_1_213' title='bbox 484 3576 630 3642; x_wconf 88' lang='lat' dir='ltr'><strong>volucres</strong></span> <span class='ocrx_word' id='word_1_214' title='bbox 646 3577 807 3660; x_wconf 84' lang='lat' dir='ltr'><strong>agitabilis</strong></span> <span class='ocrx_word' id='word_1_215' title='bbox 823 3580 885 3642; x_wconf 76' lang='lat' dir='ltr'><strong>alit.</strong></span> <span class='ocrx_word' id='word_1_216' title='bbox 936 3621 937 3626; x_wconf 22' lang='grc' dir='ltr'><strong>κ</strong></span> <span class='ocrx_word' id='word_1_217' title='bbox 1152 3579 1196 3644; x_wconf 80' lang='lat' dir='ltr'><strong>te</strong></span> 
     </span>
     <span class='ocr_line' id='line_1_34' title="bbox 199 3681 1007 3766; baseline -0.001 -19"><span class='ocrx_word' id='word_1_218' title='bbox 199 3681 354 3747; x_wconf 85' lang='lat' dir='ltr'><strong>Sanctius</strong></span> <span class='ocrx_word' id='word_1_219' title='bbox 369 3683 420 3746; x_wconf 91' lang='lat' dir='ltr'><strong>his</strong></span> <span class='ocrx_word' id='word_1_220' title='bbox 435 3681 556 3746; x_wconf 88' lang='lat' dir='ltr'><strong>animal</strong></span> <span class='ocrx_word' id='word_1_221' title='bbox 571 3684 753 3764; x_wconf 82' lang='lat' dir='ltr'><strong>mentisque</strong></span> <span class='ocrx_word' id='word_1_222' title='bbox 768 3682 920 3766; x_wconf 85' lang='lat' dir='ltr'><strong>capacius</strong></span> <span class='ocrx_word' id='word_1_223' title='bbox 932 3681 1007 3746; x_wconf 80' lang='lat' dir='ltr'><strong>altae</strong></span> 
     </span>
    </p>
   </div>
   <div class='ocr_carea' id='block_1_10' title="bbox 0 0 1328 4176">
    <p class='ocr_par' dir='ltr' id='par_1_21' title="bbox 0 0 1328 4176">
     <span class='ocr_line' id='line_1_35' title="bbox 0 0 1328 4176; baseline 0 0"><span class='ocrx_word' id='word_1_224' title='bbox 0 0 1328 4176; x_wconf 95' lang='lat' dir='ltr'><strong> </strong></span> 
     </span>
    </p>
   </div>
  </div>
 </body>
</html>
