2646 4176
123 261 168 326 30
243 243 247 248 ยน
414 281 532 334 ovms
555 271 879 337 uerrucaruosus.

122 437 178 501 Fit
196 439 301 519 timor,
318 448 351 502 et
367 438 485 522 pavidrl
499 439 636 522 trepidat
651 439 823 505 formidine
840 453 960 524 pectus.
1120 449 1163 514 65

122 533 247 608 Ultima
262 563 362 627 prona
376 545 503 625 visast,
520 556 553 607 et
569 556 644 628 eget
660 546 877 611 moderamine
893 560 990 614 certo.

122 647 221 712 Tunc
237 651 347 731 etiam,
364 669 435 731 quae
451 669 504 714 me
521 650 675 730 subjectis
690 652 811 735 exeipit
826 654 932 732 undis,

120 753 169 818 Ne
186 755 267 819 ferar
283 757 317 819 in
332 776 484 839 praeceps,
503 758 635 838 Tethys
650 757 733 820 solet
750 759 819 842 ipsa
834 761 946 825 vereri.

119 861 223 942 Adde,
241 862 328 944 qubd
343 862 473 927 assidua
487 863 607 945 rapitur
622 863 781 946 vertigiue
797 865 927 946 coelum,

122 967 298 1048 Sideraque
315 968 379 1031 alta
394 968 502 1048 trahit,
519 968 679 1049 celerique
696 970 863 1033 volumine
879 982 1015 1055 torquet.
1119 979 1171 1043 tu

119 1071 213 1138 Nitor
229 1073 263 1136 in
278 1075 460 1153 adversum,
476 1093 536 1136 nec
552 1093 616 1151 me,
632 1075 689 1155 qui
704 1086 820 1156 cetera,
838 1077 941 1142 vlncit

121 1179 275 1261 Impetus,
292 1189 325 1242 et
340 1179 450 1262 rapido
466 1180 643 1242 contrarius
658 1181 779 1244 evehor
794 1183 872 1245 orbi.
889 1184 912 1260 s

120 1281 226 1366 Finge
242 1283 334 1348 datos
350 1305 470 1348 currus.
519 1285 613 1353 Quid
628 1287 729 1368 ages?
753 1289 913 1370 poterisne
929 1292 1054 1372 rotatis

120 1387 246 1452 Obvius
262 1390 306 1453 ire
321 1389 413 1471 polis,
430 1410 471 1454 ne
488 1402 520 1454 te
537 1391 622 1455 citus
637 1390 761 1456 auferat
777 1394 873 1457 axis?

119 1494 271 1558 Forsitan
287 1506 320 1558 et
336 1495 427 1560 lucos
443 1496 520 1577 illic,
538 1498 696 1578 urbesque
712 1497 847 1563 deorum

119 1601 292 1684 concipias
307 1604 428 1683 animo,
446 1603 642 1684 delubraque
659 1603 741 1668 ditia
755 1605 850 1668 donis

120 1705 211 1769 Esse.
260 1707 321 1770 Per
338 1708 471 1770 insidias
487 1709 547 1771 iter
562 1720 611 1770 est
626 1707 807 1790 formasque
825 1709 973 1774 ferarum.

119 1811 227 1892 thue
243 1813 331 1874 viam
348 1823 469 1892 teneas,
487 1813 642 1893 nulloque
658 1833 760 1875 errore
777 1815 919 1894 traharis,

118 1917 180 1982 Per
195 1928 304 1980 tamen
320 1917 446 1979 adversi
461 1917 613 1997 gradieris
629 1905 751 1986 cbrnua
767 1915 880 1994 Tauri,

118 2021 375 2101 Haemoniosque
390 2041 491 2100 arcus,
510 2019 710 2100 violentique
727 2039 781 2082 ora
797 2019 928 2100 Leonis,
1119 2019 1163 2084 80

119 2128 279 2208 Saevaque
295 2127 432 2190 circuitu
449 2138 640 2188 curvantem
655 2125 787 2188 brachia
801 2125 901 2208 longo

119 2232 286 2316 Scorpion,
304 2241 400 2313 atque
416 2232 508 2294 aliter
523 2239 713 2294 curvantem
729 2231 861 2294 brachia
876 2233 1048 2295 Cancrum.

117 2339 185 2404 Nee
202 2339 263 2401 tibi
277 2337 499 2420 quadrupedes
514 2337 678 2400 animosos
694 2337 825 2418 ignibus
840 2335 915 2417 illis,

118 2445 215 2513 Quos
230 2445 265 2506 in
282 2455 410 2527 pectore
426 2445 556 2524 habeut,
574 2461 654 2524 quos
669 2463 722 2505 ore
739 2453 772 2505 et
787 2443 919 2506 naribus
934 2443 1069 2521 efflant,

117 2551 157 2614 ln
174 2561 321 2634 promptu
339 2547 447 2633 regere
463 2561 521 2613 est.
571 2549 634 2612 Vix
650 2557 702 2612 me
720 2549 893 2632 patiuntur,
901 2550 959 2612 ubi
974 2565 1062 2611 aeres
1117 2545 1161 2609 85

117 2655 284 2722 Incaluere
300 2656 412 2736 animi,
429 2657 604 2736 cervixque
620 2664 778 2738 repugnat
795 2655 939 2716 habenis.

116 2765 160 2827 At
178 2773 224 2842 tu,
241 2761 364 2824 funesti
379 2781 420 2824 ne
437 2762 500 2824 sim
517 2761 576 2823 tibi
591 2760 733 2822 muueris
749 2769 871 2837 auctor,

116 2867 210 2947 Nate,
227 2887 317 2946 cave,
340 2865 419 2928 dum
435 2883 547 2946 resque
563 2866 650 2944 sinit,
668 2877 725 2927 tua
738 2863 862 2944 corrige
880 2874 967 2925 vota.

118 2972 253 3038 Scilicet
279 2984 317 3036 'ut
333 2983 442 3034 nostro
460 2970 608 3054 genitum
625 2980 656 3032 te
674 2968 832 3050 sanguine
847 2966 968 3048 credas,

117 3078 258 3164 Pignora
273 3089 362 3143 certa
376 3075 468 3160 petis.
516 3075 568 3138 Do
585 3076 721 3158 pignora
735 3085 823 3136 certa
838 3073 994 3153 timendo,
1119 3071 1163 3135 90

64 3262 68 3274 1
119 3185 163 3250 Et
180 3184 282 3269 patrio
298 3195 387 3267 pater
403 3201 473 3246 esse
489 3193 580 3244 metu
597 3181 719 3264 probor.
768 3177 908 3261 Adspice
924 3179 1036 3242 vultus

119 3289 208 3356 Ecce
224 3309 324 3368 meos,
342 3287 532 3369 utinamque
549 3285 661 3350 oculos
678 3285 712 3349 in
729 3295 858 3368 pectora
873 3305 984 3368 posses

118 3396 272 3475 Inserere,
288 3407 322 3459 et
339 3396 456 3478 patrias
472 3393 560 3457 intus
575 3392 771 3476 deprendere
787 3391 900 3455 curas!

118 3501 279 3583 Denique,
295 3499 454 3582 quidquid
470 3498 567 3564 hebet
582 3497 686 3576 dives,
702 3496 925 3580 circumspice,
942 3495 1094 3576 muudus,

119 3603 216 3690 Eque
233 3618 280 3671 tot
295 3627 333 3671 ac
350 3607 449 3670 tantis
464 3603 549 3686 eceli,
564 3616 733 3686 terreque,
749 3601 909 3682 marisque
1119 3597 1165 3664 95

119 3711 221 3778 Posce
236 3713 332 3780 bonis
347 3711 491 3796 aliquid:
515 3709 640 3778 trullam
655 3709 776 3795 patiare
790 3705 959 3792 repulsam.
