2636 4178
584 284 684 335 BOOK
704 284 781 336 xm.

162 440 286 504 Ulcisci
302 439 422 517 statuit,
439 458 605 521 poenaeque
622 439 655 501 iu
673 440 812 522 imagine
828 451 896 504 tota
910 452 968 506 est.

161 547 271 626 thue
289 541 365 607 furit
381 543 488 608 catulo
504 544 642 608 lactente
660 544 771 637 orbata
785 547 897 626 leaena,

166 651 331 731 Signaque
344 659 439 712 nacta
450 648 578 732 pedum,
589 651 741 730 sequitur,
752 670 849 731 quem
863 670 929 714 non
940 651 1040 731 videt,
1054 652 1201 733 hostem3

170 755 225 816 Sic
240 754 387 831 Hecuba,
404 765 572 835 postquam
589 775 664 818 curn
680 755 770 818 luctu
787 756 917 820 miscuit
934 757 1022 837 iram,
1137 756 1202 822 att

168 859 240 921 Non
255 859 355 921 oblita
369 859 560 937 animorum,
576 878 734 923 annorum
749 859 849 922 oblita
863 880 1005 939 suorum,

168 963 263 1025 Vadit
277 963 318 1024 ad
333 962 488 1026 artificem
503 961 581 1026 dirae
598 963 818 1045 Polymestore
832 965 940 1044 caedis,

166 1067 434 1149 colloquiumque
452 1068 551 1150 petit:
575 1087 651 1134 nam
667 1089 700 1132 se
716 1081 890 1134 monstrare
907 1070 1056 1136 relictum

164 1173 256 1235 Velle
272 1171 374 1235 latens
389 1171 446 1250 illi,
462 1172 549 1253 quod
564 1184 640 1236 nato
654 1173 809 1251 redderet,
825 1194 949 1240 aurum.
1137 1175 1203 1240 550

163 1276 310 1341 Credidit
326 1276 492 1359 Odrysius,
509 1278 686 1360 praedaeque
702 1291 848 1342 assuetus
862 1299 980 1360 amore,

164 1383 206 1446 ln
221 1393 343 1444 secreta
357 1382 465 1460 venit3
490 1392 560 1446 tum
575 1383 694 1446 blando
710 1384 845 1447 callidus
861 1405 924 1464 ore,

172 1485 285 1548 ‘Tolle
302 1506 414 1565 moras,
431 1487 590 1567 Hecuba,’
607 1488 700 1568 dixit,
719 1487 778 1550 ‘da
793 1508 926 1552 munera
940 1500 1026 1552 nato.

76 1647 81 1656 .
173 1589 275 1653 Omne
290 1590 355 1654 fure
372 1583 570 1673 illius,'quod
586 1591 652 1670 das,
669 1591 755 1672 quod
771 1601 804 1655 et
818 1593 894 1655 ante
910 1592 1040 1672 dedisti,

172 1694 232 1756 Per
246 1715 371 1777 superos
383 1694 478 1777 juro!
526 1696 657 1779 Spectat
675 1696 858 1761 truculenta
871 1696 1058 1777 loquentem
1136 1696 1203 1760 556

171 1797 325 1881 Falsaque
338 1799 509 1879 jurantem,
526 1800 712 1881 tumidrique
727 1813 884 1866 exaestuat
900 1801 955 1881 irri,

166 1905 271 1984 Atque
288 1906 333 1967 ita
347 1916 527 1986 correptum
544 1905 741 1987 captivarum
756 1906 885 1988 agmine
903 1916 1041 1970 matrum

166 2010 304 2087 Involat,
321 2020 353 2071 et
369 2009 487 2091 digitos
503 2010 536 2072 in
554 2009 674 2092 perfida
690 2009 814 2074 lumina
828 2011 949 2091 condit,

167 2115 361 2198 Expiiatque
378 2134 477 2197 genas
492 2115 604 2194 oculis,
621 2114 713 2197 (facit
729 2116 773 2178 ira
789 2115 967 2203 valentem)

168 2220 397 2301 Immergitque
414 2239 529 2282 manus
545 2217 726 2300 foedataque
743 2222 898 2303 sanguine
915 2221 999 2285 sonti
1138 2221 1203 2284 560

166 2326 241 2389 Non
256 2325 378 2403 lumen,
394 2343 498 2404 neque
514 2326 601 2387 enim
617 2337 769 2406 superest,
785 2325 857 2388 loca
871 2325 1003 2389 luminis
1018 2324 1134 2390 haurit.

212 2429 312 2496 Clade
327 2429 378 2490 sui
394 2429 561 2492 Thracum
577 2448 656 2510 gens
672 2429 791 2492 irritata
806 2430 935 2510 tyranni
1001 2450 1005 2458 ·

112 2523 122 2540 ⁸
168 2533 299 2596 Troada
314 2533 450 2606 telorum
465 2531 672 2613 lapidumque
689 2531 846 2600 incessere
859 2529 952 2610 jactu

168 2639 283 2720 Coepit.
330 2639 373 2701 At
389 2638 460 2702 haec
477 2639 611 2699 missum
627 2654 723 2698 rauco
739 2655 813 2697 oum
829 2654 991 2700 murmure
1008 2655 1122 2700 saxum

168 2743 329 2806 Mursibus
344 2741 531 2821 insequitur,
548 2741 692 2821 rictuque
709 2740 742 2802 in
758 2739 856 2802 verba
871 2751 979 2820 parato
1139 2740 1204 2802 565

168 2848 321 2926 Latravit,
338 2859 453 2910 conata
468 2846 564 2925 loqui.
612 2845 720 2908 Locus
735 2855 850 2922 exstat,
867 2856 899 2907 et
914 2864 957 2908 ex
971 2864 1005 2908 re

168 2952 295 3015 Nomen
311 2951 408 3013 habet
422 2972 430 3029 ;
455 2963 663 3031 veterumque
679 2950 735 3012 diu
752 2967 875 3012 memor
889 2948 945 3011 illa
959 2949 1116 3014 malorum

169 3058 260 3119 'I'um
276 3056 401 3136 qtuique
420 3055 586 3118 Sithonios
603 3054 739 3117 ululavit
755 3065 870 3118 moesta
885 3074 939 3136 per
954 3072 1055 3136 agros.
1111 3047 1117 3071 ¹

169 3162 259 3225 lilius
275 3161 441 3240 Troasque
457 3179 532 3222 suos
546 3160 717 3239 hostesque
732 3158 893 3240 Pelasgos,
987 3211 990 3216 .

169 3267 261 3329 Illius
277 3263 405 3328 fortuna
419 3264 497 3326 deos
512 3263 639 3344 qudque
655 3273 799 3327 moverat
815 3281 938 3342 omnes,
1139 3262 1204 3328 670

170 3371 225 3434 Sic
242 3390 364 3446 omnes,
381 3380 464 3431 utet
480 3369 549 3450 ipsa
562 3368 653 3432 Jovis
668 3366 851 3448 conjuxque
867 3385 1015 3448 sororque

170 3476 320 3542 Eventus
336 3475 507 3538 Hecubam
523 3473 675 3538 meruisse
692 3471 857 3553 negaverit
872 3469 954 3534 illos.
