2636 4178
100 209 165 282 134
397 233 514 284 ovm’s
535 231 848 283 uernuonnnosns

97 387 220 454 Profuit
236 389 413 472 ingenium,
430 407 564 470 meaque
580 387 651 450 haec
666 385 825 466 facundia,
842 388 869 451 si
884 401 1019 471 quaest,

97 494 184 561 Quae
200 514 287 558 nunc
304 513 360 577 pro
376 493 518 570 domino,
536 512 592 575 pro
609 493 700 555 vobis
716 513 799 575 saepe
816 493 925 556 locuta
939 507 997 576 est,

97 599 225 663 lnvidii
239 610 352 678 careat,
369 599 456 662 bona
470 617 530 661 nec
545 617 605 662 sua
618 597 752 679 quisque
767 609 900 660 recuset.

96 702 180 768 Nam
196 723 299 786 genus
313 714 346 766 et
361 723 495 786 proavos
510 712 542 766 et
558 721 629 784 quae
646 711 711 790 non
727 701 864 766 fecimus
879 702 949 786 ipsi,
1070 706 1133 770 140

97 809 161 872 Vix
176 828 214 871 ea
229 820 337 872 nostra
352 828 443 872 voco.
491 807 557 872 Sed
572 808 670 887 enim,
687 807 763 888 quia
777 808 885 870 retulit
901 807 984 888 Ajax
1099 795 1102 800 “

100 913 179 976 Esse
195 915 285 977 Jovis
302 933 467 996 pronepos,
484 912 584 976 nostri
600 911 725 993 queque
741 913 907 994 sanguinis
921 925 1032 978 unctor

96 1019 222 1100 Jupiter
237 1029 295 1098 cst,
311 1019 510 1100 totidemque
526 1015 643 1100 gradus
658 1017 815 1080 distamus
830 1018 870 1079 ab
888 1019 951 1081 illo.

97 1123 179 1186 Nam
195 1124 276 1186 mihi
293 1123 423 1186 Lae'rtes
438 1135 527 1205 pater
541 1133 599 1201 est,
616 1121 766 1185 Arcesius
781 1121 839 1200 illi,

98 1229 224 1310 Jupiter
240 1228 334 1309 huic;
358 1247 462 1309 neque
479 1229 511 1290 in
528 1228 579 1290 his
594 1228 763 1307 quisquam
779 1227 950 1305 damnatus
965 1239 998 1292 et
1013 1229 1117 1293 exsul.

99 1333 158 1395 Est
173 1333 298 1415 quoque
315 1344 517 1415 permatrem
534 1331 703 1414 Cyllenius
717 1330 826 1395 addita
840 1333 934 1396 nobis
1071 1333 1133 1398 146

97 1437 210 1499 Altera·
222 1437 388 1501 nobilitas:
412 1438 554 1500 deusest
570 1435 605 1499 in
621 1447 754 1516 utroque
771 1447 909 1519 parente.
969 1443 973 1448 '

99 1542 164 1605 Sed
181 1560 285 1623 neque
302 1553 444 1606 materno
460 1540 635 1622 quodsum
652 1542 834 1624 generosior
848 1552 929 1619 ortu,

97 1646 165 1710 Nec
182 1648 262 1711 mihi
277 1645 362 1729 qudd
378 1658 466 1730 pater
481 1658 530 1709 est
546 1645 676 1710 fraterni
691 1647 857 1728 sauguinis
873 1647 993 1726 insons,

97 1752 265 1834 Proposita
279 1773 368 1816 arma
383 1764 475 1835 peto;
498 1753 620 1816 meritis
635 1751 810 1834 expendite
826 1771 977 1816 causam:
1071 1754 1132 1815 150

98 1856 295 1936 Dummodo,
312 1857 396 1938 qudd
412 1856 524 1920 fratres
540 1857 701 1920 Telamon
718 1857 896 1937 Peleusque
912 1839 1048 1935 fuerunt,

98 1961 206 2040 Ajacis
222 1963 372 2024 meritum
389 1981 454 2025 uon
470 1961 520 2040 sit,
537 1981 597 2024 uec
613 1961 781 2044 sanguinis
797 1962 883 2040 ordo,

100 2067 164 2131 Sed
183 2067 310 2130 virtutis
326 2067 427 2128 honor
442 2065 553 2148 spoliis
567 2079 725 2146 qureratur
740 2067 774 2129 in
790 2068 867 2130 istis.

99 2172 164 2232 Aut
179 2171 206 2232 si
222 2169 409 2252 proximitas
424 2169 608 2251 primusque
623 2169 790 2249 requiritur
805 2171 906 2247 heres,

99 2276 159 2338 Est
174 2275 299 2356 genitor
314 2273 438 2353 Peleus,
455 2285 503 2337 est
519 2267 662 2356 Pyrrhus
677 2274 763 2338 filius
779 2274 834 2337 illi.
857 2315 859 2320 -
1075 2275 1134 2336 uu

99 2380 171 2453 Qui
185 2379 276 2442 locus
292 2376 407 2458 Ajaci?
454 2379 605 2444 Phthiam
622 2380 693 2443 haec
711 2379 879 2462 Scyronve
895 2379 1045 2443 ferantur.

12 2495 15 2500 '
98 2483 166 2547 Nec
183 2483 291 2548 mimis
305 2494 354 2547 est
370 2484 431 2547 isto
449 2485 577 2549 Teucer
592 2486 742 2568 patruelis
758 2484 889 2548 Achilli.
1090 2470 1092 2474 ⁸

99 2591 185 2653 Num
202 2590 281 2672 petit
297 2589 350 2652 ille
367 2589 499 2652 tamen?
523 2609 612 2669 nunr,
629 2592 656 2654 si
672 2602 767 2674 petat,
785 2588 907 2652 auferat
923 2591 1032 2652 mma?

145 2696 232 2776 Ergo
248 2711 379 2777 operum
394 2695 548 2774 quoniam
563 2694 687 2758 nudum
703 2705 866 2760 certamen
883 2695 1035 2756 habetur:
1117 2677 1121 2685 ⁸

8 2837 9 2857 t
99 2799 195 2862 Plura
211 2800 341 2880 quidem
356 2798 429 2878 feci,
446 2800 543 2878 quim
558 2818 630 2879 quae
646 2797 873 2882 comprendere
889 2799 985 2862 dictis
1072 2797 1135 2859 160

100 2905 138 2967 In
155 2917 302 2986 promptu
320 2904 400 2965 mihi
416 2903 476 2983 sit3
500 2923 606 2968 rerum
621 2907 730 2967 tamen
746 2904 855 2968 ordine
872 2903 980 2966 ducar.

100 3009 238 3071 Praescia
253 3007 379 3070 venturi
395 3008 537 3090 genitrix
551 3007 666 3071 Nereia
681 3008 738 3072 leti

101 3113 288 3176 Dissimulet
304 3111 395 3178 cultu
411 3125 533 3192 natum,
550 3123 582 3175 et
598 3111 764 3195 deceperat
782 3132 905 3193 omnes,

100 3219 136 3281 ln
155 3219 270 3298 quibus
285 3216 429 3298 Ajacem,
446 3229 582 3300 sumptae
598 3217 724 3281 fallacia
738 3220 847 3282 vestis.

16 3387 17 3403 ,
99 3327 197 3386 Arma
212 3344 273 3406 ego
289 3323 446 3403 femineis
463 3323 607 3386 animum
624 3335 749 3386 motura
765 3323 900 3403 virilem,
1075 3321 1139 3384 lae

17 3439 18 3442 ’
100 3429 261 3492 Mercibus
277 3430 405 3508 inserui,
422 3447 526 3508 neque
542 3429 648 3492 adhuc
664 3427 839 3511 projecerat
856 3429 950 3492 heros

100 3534 267 3616 Virgineus
283 3534 423 3616 habitus,
439 3535 513 3596 clun
529 3554 671 3617 parmam
686 3535 875 3615 hastamque
892 3535 1027 3612 tenenti,

102 3638 201 3702 ‘Nate
218 3638 299 3716 dei,²
316 3638 394 3717 dixi,
413 3639 492 3702 ‘tibi
507 3659 541 3702 se
557 3641 695 3721 peritura
710 3650 871 3702 reservant
