<?xml version="1.0" encoding="UTF-8"?>
<!DOCTYPE html PUBLIC "-//W3C//DTD XHTML 1.0 Transitional//EN"
    "http://www.w3.org/TR/xhtml1/DTD/xhtml1-transitional.dtd">
<html xmlns="http://www.w3.org/1999/xhtml" xml:lang="en" lang="en">
 <head>
  <title>
</title>
<meta http-equiv="Content-Type" content="text/html;charset=utf-8" />
  <meta name='ocr-system' content='tesseract 3.04.00' />
  <meta name='ocr-capabilities' content='ocr_page ocr_carea ocr_par ocr_line ocrx_word'/>
</head>
<body>
  <div class='ocr_page' id='page_1' title='image "./selectionsfromm00ovidgoog_0035.png"; bbox 0 0 2646 4176; ppageno 0'>
   <div class='ocr_carea' id='block_1_1' title="bbox 7 131 12 182">
    <p class='ocr_par' dir='ltr' id='par_1_1' title="bbox 7 131 12 182">
     <span class='ocr_line' id='line_1_1' title="bbox 7 131 12 182; baseline 0 0"><span class='ocrx_word' id='word_1_1' title='bbox 7 131 12 182; x_wconf 84' lang='lat' dir='ltr'>l</span> 
     </span>
    </p>
   </div>
   <div class='ocr_carea' id='block_1_2' title="bbox 32 271 860 359">
    <p class='ocr_par' dir='ltr' id='par_1_2' title="bbox 32 271 860 359">
     <span class='ocr_line' id='line_1_2' title="bbox 32 271 860 359; baseline 0.004 -6"><span class='ocrx_word' id='word_1_2' title='bbox 32 271 39 280; x_wconf 74' lang='grc'><strong>’</strong></span> <span class='ocrx_word' id='word_1_3' title='bbox 110 283 155 347; x_wconf 79' lang='lat'>26</span> <span class='ocrx_word' id='word_1_4' title='bbox 399 304 517 358; x_wconf 86' lang='lat' dir='ltr'>ovms</span> <span class='ocrx_word' id='word_1_5' title='bbox 538 305 860 359; x_wconf 73' lang='lat' dir='ltr'>murmonanosss.</span> 
     </span>
    </p>
   </div>
   <div class='ocr_carea' id='block_1_3' title="bbox 7 455 1147 3584">
    <p class='ocr_par' dir='ltr' id='par_1_3' title="bbox 7 455 1147 3584">
     <span class='ocr_line' id='line_1_3' title="bbox 111 455 978 546; baseline 0.007 -28"><span class='ocrx_word' id='word_1_6' title='bbox 111 455 215 519; x_wconf 86' lang='lat' dir='ltr'>Parva</span> <span class='ocrx_word' id='word_1_7' title='bbox 229 476 319 522; x_wconf 88' lang='lat' dir='ltr'>mora</span> <span class='ocrx_word' id='word_1_8' title='bbox 333 468 391 539; x_wconf 90' lang='lat' dir='ltr'>est,</span> <span class='ocrx_word' id='word_1_9' title='bbox 408 460 474 524; x_wconf 89' lang='lat' dir='ltr'>alas</span> <span class='ocrx_word' id='word_1_10' title='bbox 489 461 635 546; x_wconf 88' lang='lat' dir='ltr'>pedibus,</span> <span class='ocrx_word' id='word_1_11' title='bbox 652 460 838 542; x_wconf 80' lang='lat' dir='ltr'><strong>virgamque</strong></span> <span class='ocrx_word' id='word_1_12' title='bbox 855 463 978 544; x_wconf 88' lang='lat' dir='ltr'>potenti</span> 
     </span>
     <span class='ocr_line' id='line_1_4' title="bbox 7 561 1146 654; baseline 0.007 -30"><span class='ocrx_word' id='word_1_13' title='bbox 7 625 8 654; x_wconf 46' lang='lat'>,</span> <span class='ocrx_word' id='word_1_14' title='bbox 112 561 328 628; x_wconf 80' lang='lat' dir='ltr'>somniferam</span> <span class='ocrx_word' id='word_1_15' title='bbox 344 566 517 648; x_wconf 83' lang='lat' dir='ltr'>sumpsisse</span> <span class='ocrx_word' id='word_1_16' title='bbox 533 567 865 647; x_wconf 69' lang='lat' dir='ltr'>meum-tegimenque</span> <span class='ocrx_word' id='word_1_17' title='bbox 881 568 1014 648; x_wconf 73' lang='lat' dir='ltr'>capillis,</span> <span class='ocrx_word' id='word_1_18' title='bbox 1083 573 1146 634; x_wconf 91' lang='grc'>555</span> 
     </span>
     <span class='ocr_line' id='line_1_5' title="bbox 7 657 915 753; baseline 0.007 -25"><span class='ocrx_word' id='word_1_19' title='bbox 7 657 8 710; x_wconf 70' lang='lat' dir='ltr'>l</span> <span class='ocrx_word' id='word_1_20' title='bbox 111 666 194 730; x_wconf 84' lang='lat' dir='ltr'>Haec</span> <span class='ocrx_word' id='word_1_21' title='bbox 210 669 267 732; x_wconf 89' lang='lat' dir='ltr'>ubi</span> <span class='ocrx_word' id='word_1_22' title='bbox 281 669 449 753; x_wconf 85' lang='lat' dir='ltr'>disposuit,</span> <span class='ocrx_word' id='word_1_23' title='bbox 466 671 567 753; x_wconf 73' lang='lat' dir='ltr'>patrii</span> <span class='ocrx_word' id='word_1_24' title='bbox 580 672 662 734; x_wconf 85' lang='lat' dir='ltr'><strong>Jove</strong></span> <span class='ocrx_word' id='word_1_25' title='bbox 677 680 772 734; x_wconf 89' lang='lat' dir='ltr'>natus</span> <span class='ocrx_word' id='word_1_26' title='bbox 787 671 827 732; x_wconf 87' lang='lat' dir='ltr'>ab</span> <span class='ocrx_word' id='word_1_27' title='bbox 843 691 915 734; x_wconf 90' lang='lat' dir='ltr'>arce</span> 
     </span>
     <span class='ocr_line' id='line_1_6' title="bbox 102 771 903 858; baseline 0.002 -22"><span class='ocrx_word' id='word_1_28' title='bbox 102 771 229 836; x_wconf 74' lang='lat' dir='ltr'>&#39;Desilit</span> <span class='ocrx_word' id='word_1_29' title='bbox 245 773 279 836; x_wconf 90' lang='lat' dir='ltr'>in</span> <span class='ocrx_word' id='word_1_30' title='bbox 294 784 401 839; x_wconf 86' lang='lat' dir='ltr'>terras.</span> <span class='ocrx_word' id='word_1_31' title='bbox 449 776 520 839; x_wconf 90' lang='lat' dir='ltr'>Illic</span> <span class='ocrx_word' id='word_1_32' title='bbox 536 775 741 858; x_wconf 86' lang='lat' dir='ltr'>tegimenque</span> <span class='ocrx_word' id='word_1_33' title='bbox 757 777 903 855; x_wconf 86' lang='lat' dir='ltr'>removit,</span> 
     </span>
     <span class='ocr_line' id='line_1_7' title="bbox 114 872 1002 963; baseline 0.01 -26"><span class='ocrx_word' id='word_1_34' title='bbox 114 875 158 938; x_wconf 88' lang='lat' dir='ltr'>Et</span> <span class='ocrx_word' id='word_1_35' title='bbox 174 879 279 960; x_wconf 83' lang='lat' dir='ltr'>posuit</span> <span class='ocrx_word' id='word_1_36' title='bbox 294 872 435 962; x_wconf 81' lang='lat' dir='ltr'>pennas3</span> <span class='ocrx_word' id='word_1_37' title='bbox 459 879 685 948; x_wconf 88' lang='lat' dir='ltr'>tantummodo</span> <span class='ocrx_word' id='word_1_38' title='bbox 702 881 792 963; x_wconf 86' lang='lat' dir='ltr'>virga</span> <span class='ocrx_word' id='word_1_39' title='bbox 807 892 931 945; x_wconf 89' lang='lat' dir='ltr'>retenta</span> <span class='ocrx_word' id='word_1_40' title='bbox 944 893 1002 946; x_wconf 87' lang='lat' dir='ltr'>est.</span> 
     </span>
     <span class='ocr_line' id='line_1_8' title="bbox 112 980 893 1076; baseline 0.006 -33"><span class='ocrx_word' id='word_1_41' title='bbox 112 980 185 1044; x_wconf 87' lang='lat' dir='ltr'>Hac</span> <span class='ocrx_word' id='word_1_42' title='bbox 201 983 279 1064; x_wconf 89' lang='lat' dir='ltr'>agit,</span> <span class='ocrx_word' id='word_1_43' title='bbox 296 995 332 1048; x_wconf 90' lang='lat' dir='ltr'>ut</span> <span class='ocrx_word' id='word_1_44' title='bbox 348 994 463 1068; x_wconf 89' lang='lat' dir='ltr'>pastor,</span> <span class='ocrx_word' id='word_1_45' title='bbox 481 1005 536 1076; x_wconf 79' lang='lat' dir='ltr'>per</span> <span class='ocrx_word' id='word_1_46' title='bbox 549 986 646 1050; x_wconf 87' lang='lat' dir='ltr'>devia</span> <span class='ocrx_word' id='word_1_47' title='bbox 659 1005 732 1050; x_wconf 86' lang='lat' dir='ltr'>rura</span> <span class='ocrx_word' id='word_1_48' title='bbox 746 987 893 1068; x_wconf 88' lang='lat' dir='ltr'>capellas,</span> 
     </span>
     <span class='ocr_line' id='line_1_9' title="bbox 111 1086 1146 1170; baseline 0.006 -19"><span class='ocrx_word' id='word_1_49' title='bbox 111 1086 199 1151; x_wconf 88' lang='lat' dir='ltr'>Dum</span> <span class='ocrx_word' id='word_1_50' title='bbox 215 1089 315 1169; x_wconf 81' lang='lat' dir='ltr'>venit,</span> <span class='ocrx_word' id='word_1_51' title='bbox 332 1089 497 1170; x_wconf 87' lang='lat' dir='ltr'>adductas,</span> <span class='ocrx_word' id='word_1_52' title='bbox 514 1101 546 1154; x_wconf 89' lang='lat' dir='ltr'>et</span> <span class='ocrx_word' id='word_1_53' title='bbox 563 1092 693 1154; x_wconf 88' lang='lat' dir='ltr'>structis</span> <span class='ocrx_word' id='word_1_54' title='bbox 707 1102 816 1154; x_wconf 88' lang='lat' dir='ltr'>cantat</span> <span class='ocrx_word' id='word_1_55' title='bbox 832 1091 953 1156; x_wconf 86' lang='lat' dir='ltr'>avenis.</span> <span class='ocrx_word' id='word_1_56' title='bbox 1083 1094 1146 1157; x_wconf 81' lang='grc'>560</span> 
     </span>
     <span class='ocr_line' id='line_1_10' title="bbox 155 1189 894 1280; baseline 0.009 -26"><span class='ocrx_word' id='word_1_57' title='bbox 155 1189 242 1255; x_wconf 81' lang='lat' dir='ltr'>Voce</span> <span class='ocrx_word' id='word_1_58' title='bbox 258 1213 352 1258; x_wconf 85' lang='lat' dir='ltr'>novae</span> <span class='ocrx_word' id='word_1_59' title='bbox 367 1206 481 1280; x_wconf 89' lang='lat' dir='ltr'>captus</span> <span class='ocrx_word' id='word_1_60' title='bbox 495 1208 605 1260; x_wconf 84' lang='lat' dir='ltr'>custos</span> <span class='ocrx_word' id='word_1_61' title='bbox 620 1195 639 1257; x_wconf 93' lang='lat' dir='ltr'>J</span> <span class='ocrx_word' id='word_1_62' title='bbox 642 1197 781 1260; x_wconf 89' lang='lat' dir='ltr'>unonius</span> <span class='ocrx_word' id='word_1_63' title='bbox 796 1197 894 1261; x_wconf 87' lang='lat' dir='ltr'>artis:</span> 
     </span>
     <span class='ocr_line' id='line_1_11' title="bbox 111 1295 991 1384; baseline 0.001 -20"><span class='ocrx_word' id='word_1_64' title='bbox 111 1295 271 1378; x_wconf 79' lang='lat' dir='ltr'>Quisquis</span> <span class='ocrx_word' id='word_1_65' title='bbox 286 1317 330 1378; x_wconf 92' lang='lat' dir='ltr'>es,</span> <span class='ocrx_word' id='word_1_66' title='bbox 347 1300 409 1362; x_wconf 92' lang='lat' dir='ltr'>hcc</span> <span class='ocrx_word' id='word_1_67' title='bbox 425 1312 551 1384; x_wconf 86' lang='lat' dir='ltr'>poteras</span> <span class='ocrx_word' id='word_1_68' title='bbox 565 1321 695 1364; x_wconf 88' lang='lat' dir='ltr'>mecum</span> <span class='ocrx_word' id='word_1_69' title='bbox 709 1302 875 1364; x_wconf 88' lang='lat' dir='ltr'>considere</span> <span class='ocrx_word' id='word_1_70' title='bbox 891 1305 991 1382; x_wconf 87' lang='lat' dir='ltr'>saxo,’</span> 
     </span>
     <span class='ocr_line' id='line_1_12' title="bbox 111 1399 934 1490; baseline 0.01 -28"><span class='ocrx_word' id='word_1_71' title='bbox 111 1401 217 1482; x_wconf 86' lang='lat' dir='ltr'>Argus</span> <span class='ocrx_word' id='word_1_72' title='bbox 231 1402 295 1466; x_wconf 88' lang='lat' dir='ltr'>ait:</span> <span class='ocrx_word' id='word_1_73' title='bbox 321 1409 330 1441; x_wconf 88' lang='lat'>‘</span> <span class='ocrx_word' id='word_1_74' title='bbox 339 1423 443 1486; x_wconf 90' lang='lat' dir='ltr'>neque</span> <span class='ocrx_word' id='word_1_75' title='bbox 460 1399 548 1471; x_wconf 85' lang='lat' dir='ltr'>enim</span> <span class='ocrx_word' id='word_1_76' title='bbox 565 1406 670 1490; x_wconf 89' lang='lat' dir='ltr'>pecori</span> <span class='ocrx_word' id='word_1_77' title='bbox 685 1405 853 1470; x_wconf 85' lang='lat' dir='ltr'>fecundior</span> <span class='ocrx_word' id='word_1_78' title='bbox 868 1407 934 1472; x_wconf 93' lang='lat' dir='ltr'>ullo</span> 
     </span>
     <span class='ocr_line' id='line_1_13' title="bbox 112 1505 1059 1596; baseline 0.01 -27"><span class='ocrx_word' id='word_1_79' title='bbox 112 1505 223 1570; x_wconf 87' lang='lat' dir='ltr'>Herba</span> <span class='ocrx_word' id='word_1_80' title='bbox 238 1507 310 1571; x_wconf 88' lang='lat' dir='ltr'>loco</span> <span class='ocrx_word' id='word_1_81' title='bbox 326 1518 384 1588; x_wconf 88' lang='lat' dir='ltr'>est,</span> <span class='ocrx_word' id='word_1_82' title='bbox 401 1521 571 1594; x_wconf 87' lang='lat' dir='ltr'>aptamque</span> <span class='ocrx_word' id='word_1_83' title='bbox 588 1511 679 1576; x_wconf 84' lang='lat' dir='ltr'>vides</span> <span class='ocrx_word' id='word_1_84' title='bbox 694 1513 873 1596; x_wconf 80' lang='lat' dir='ltr'>pastoribus</span> <span class='ocrx_word' id='word_1_85' title='bbox 890 1515 1059 1588; x_wconf 83' lang='lat' dir='ltr'>umbram&#39;</span> 
     </span>
     <span class='ocr_line' id='line_1_14' title="bbox 112 1612 1147 1698; baseline 0.008 -24"><span class='ocrx_word' id='word_1_86' title='bbox 112 1612 204 1674; x_wconf 79' lang='lat' dir='ltr'>Sedit</span> <span class='ocrx_word' id='word_1_87' title='bbox 221 1613 433 1695; x_wconf 77' lang='lat' dir='ltr'>Atlantiades,</span> <span class='ocrx_word' id='word_1_88' title='bbox 448 1627 481 1679; x_wconf 88' lang='lat' dir='ltr'>et</span> <span class='ocrx_word' id='word_1_89' title='bbox 496 1627 629 1682; x_wconf 88' lang='lat' dir='ltr'>euntem</span> <span class='ocrx_word' id='word_1_90' title='bbox 643 1617 922 1698; x_wconf 82' lang='lat' dir='ltr'>multuloquendo</span> <span class='ocrx_word' id='word_1_91' title='bbox 1081 1621 1147 1682; x_wconf 86' lang='grc'>565</span> 
     </span>
     <span class='ocr_line' id='line_1_15' title="bbox 111 1715 908 1801; baseline 0.003 -21"><span class='ocrx_word' id='word_1_92' title='bbox 111 1717 259 1781; x_wconf 88' lang='lat' dir='ltr'>Detinuit</span> <span class='ocrx_word' id='word_1_93' title='bbox 275 1715 421 1784; x_wconf 79' lang='lat' dir='ltr'>sermone</span> <span class='ocrx_word' id='word_1_94' title='bbox 437 1720 543 1799; x_wconf 81' lang='lat' dir='ltr'>dien13</span> <span class='ocrx_word' id='word_1_95' title='bbox 564 1720 747 1801; x_wconf 88' lang='lat' dir='ltr'>junctisque</span> <span class='ocrx_word' id='word_1_96' title='bbox 763 1722 908 1786; x_wconf 83' lang='lat' dir='ltr'>canendo</span> 
     </span>
     <span class='ocr_line' id='line_1_16' title="bbox 111 1821 915 1888; baseline 0 -5"><span class='ocrx_word' id='word_1_97' title='bbox 111 1821 247 1886; x_wconf 82' lang='lat' dir='ltr'>Vincere</span> <span class='ocrx_word' id='word_1_98' title='bbox 263 1825 476 1888; x_wconf 85' lang='lat' dir='ltr'>arundinibus</span> <span class='ocrx_word' id='word_1_99' title='bbox 490 1825 651 1887; x_wconf 87' lang='lat' dir='ltr'>servantia</span> <span class='ocrx_word' id='word_1_100' title='bbox 665 1824 789 1886; x_wconf 84' lang='lat' dir='ltr'>lumina</span> <span class='ocrx_word' id='word_1_101' title='bbox 803 1834 915 1886; x_wconf 85' lang='lat' dir='ltr'>tentat.</span> 
     </span>
     <span class='ocr_line' id='line_1_17' title="bbox 111 1927 881 2010; baseline -0.006 -18"><span class='ocrx_word' id='word_1_102' title='bbox 111 1927 169 1992; x_wconf 92' lang='lat' dir='ltr'>Ille</span> <span class='ocrx_word' id='word_1_103' title='bbox 186 1937 295 1990; x_wconf 87' lang='lat' dir='ltr'>tamen</span> <span class='ocrx_word' id='word_1_104' title='bbox 311 1939 433 2010; x_wconf 81' lang='lat' dir='ltr'>pugnat</span> <span class='ocrx_word' id='word_1_105' title='bbox 449 1927 563 1990; x_wconf 84' lang='lat' dir='ltr'>molles</span> <span class='ocrx_word' id='word_1_106' title='bbox 578 1927 725 1990; x_wconf 85' lang='lat' dir='ltr'>evincere</span> <span class='ocrx_word' id='word_1_107' title='bbox 742 1943 881 2003; x_wconf 87' lang='lat' dir='ltr'>somnos,</span> 
     </span>
     <span class='ocr_line' id='line_1_18' title="bbox 112 2031 960 2114; baseline -0.004 -18"><span class='ocrx_word' id='word_1_108' title='bbox 112 2031 166 2109; x_wconf 84' lang='lat' dir='ltr'>Et,</span> <span class='ocrx_word' id='word_1_109' title='bbox 181 2033 329 2112; x_wconf 85' lang='lat' dir='ltr'>quamvis</span> <span class='ocrx_word' id='word_1_110' title='bbox 345 2051 440 2114; x_wconf 86' lang='lat' dir='ltr'>sopor</span> <span class='ocrx_word' id='word_1_111' title='bbox 454 2041 503 2094; x_wconf 89' lang='lat' dir='ltr'>est</span> <span class='ocrx_word' id='word_1_112' title='bbox 519 2031 687 2094; x_wconf 85' lang='lat' dir='ltr'>oculorum</span> <span class='ocrx_word' id='word_1_113' title='bbox 703 2040 790 2112; x_wconf 81' lang='lat' dir='ltr'>parta</span> <span class='ocrx_word' id='word_1_114' title='bbox 806 2041 960 2112; x_wconf 84' lang='lat' dir='ltr'>receptus,</span> 
     </span>
     <span class='ocr_line' id='line_1_19' title="bbox 111 2133 1147 2220; baseline 0.002 -22"><span class='ocrx_word' id='word_1_115' title='bbox 111 2135 202 2198; x_wconf 87' lang='lat' dir='ltr'>Parte</span> <span class='ocrx_word' id='word_1_116' title='bbox 216 2135 456 2220; x_wconf 83' lang='lat' dir='ltr'>tamenvigilat.</span> <span class='ocrx_word' id='word_1_117' title='bbox 482 2136 610 2204; x_wconf 74' lang='lat' dir='ltr'>Quarti</span> <span class='ocrx_word' id='word_1_118' title='bbox 622 2133 760 2216; x_wconf 83' lang='lat' dir='ltr'>qubqus,</span> <span class='ocrx_word' id='word_1_119' title='bbox 771 2133 924 2217; x_wconf 87' lang='lat' dir='ltr'>(namque</span> <span class='ocrx_word' id='word_1_120' title='bbox 937 2146 1060 2216; x_wconf 83' lang='lat' dir='ltr'>reperta</span> <span class='ocrx_word' id='word_1_121' title='bbox 1082 2137 1147 2200; x_wconf 84' lang='grc'>570</span> 
     </span>
     <span class='ocr_line' id='line_1_20' title="bbox 111 2239 871 2326; baseline -0.005 -20"><span class='ocrx_word' id='word_1_122' title='bbox 111 2241 238 2306; x_wconf 85' lang='lat' dir='ltr'>Fistula</span> <span class='ocrx_word' id='word_1_123' title='bbox 253 2259 354 2324; x_wconf 83' lang='lat' dir='ltr'>nuper</span> <span class='ocrx_word' id='word_1_124' title='bbox 368 2243 450 2326; x_wconf 88' lang='lat' dir='ltr'>erat)</span> <span class='ocrx_word' id='word_1_125' title='bbox 466 2240 531 2322; x_wconf 79' lang='lat' dir='ltr'>quit</span> <span class='ocrx_word' id='word_1_126' title='bbox 545 2241 587 2304; x_wconf 94' lang='lat' dir='ltr'>sit</span> <span class='ocrx_word' id='word_1_127' title='bbox 602 2239 724 2304; x_wconf 86' lang='lat' dir='ltr'>ratione</span> <span class='ocrx_word' id='word_1_128' title='bbox 740 2247 871 2322; x_wconf 83' lang='lat' dir='ltr'>reperta.</span> 
     </span>
     <span class='ocr_line' id='line_1_21' title="bbox 22 2345 779 2432; baseline 0 -24"><span class='ocrx_word' id='word_1_129' title='bbox 22 2416 30 2432; x_wconf 34' lang='lat'><em>⁶</em></span> <span class='ocrx_word' id='word_1_130' title='bbox 112 2346 209 2409; x_wconf 78' lang='lat' dir='ltr'>&#39;I&#39;alia</span> <span class='ocrx_word' id='word_1_131' title='bbox 223 2345 368 2408; x_wconf 88' lang='lat' dir='ltr'>dictums</span> <span class='ocrx_word' id='word_1_132' title='bbox 382 2346 465 2410; x_wconf 86' lang='lat' dir='ltr'>vidit</span> <span class='ocrx_word' id='word_1_133' title='bbox 481 2345 650 2428; x_wconf 82' lang='lat' dir='ltr'>Cyllenius</span> <span class='ocrx_word' id='word_1_134' title='bbox 666 2363 779 2408; x_wconf 88' lang='lat' dir='ltr'>omnes</span> 
     </span>
     <span class='ocr_line' id='line_1_22' title="bbox 112 2449 976 2539; baseline -0.002 -26"><span class='ocrx_word' id='word_1_135' title='bbox 112 2451 330 2516; x_wconf 85' lang='lat' dir='ltr'>Succubuissc</span> <span class='ocrx_word' id='word_1_136' title='bbox 346 2451 467 2530; x_wconf 88' lang='lat' dir='ltr'>oculos,</span> <span class='ocrx_word' id='word_1_137' title='bbox 483 2451 697 2539; x_wconf 86' lang='lat' dir='ltr'>adopertaque</span> <span class='ocrx_word' id='word_1_138' title='bbox 714 2449 838 2514; x_wconf 86' lang='lat' dir='ltr'>lumina</span> <span class='ocrx_word' id='word_1_139' title='bbox 853 2469 976 2514; x_wconf 85' lang='lat' dir='ltr'>somno.</span> 
     </span>
     <span class='ocr_line' id='line_1_23' title="bbox 112 2555 968 2641; baseline -0.001 -23"><span class='ocrx_word' id='word_1_140' title='bbox 112 2555 290 2639; x_wconf 80' lang='lat' dir='ltr'>Supprimit</span> <span class='ocrx_word' id='word_1_141' title='bbox 306 2557 470 2641; x_wconf 87' lang='lat' dir='ltr'>extemplo</span> <span class='ocrx_word' id='word_1_142' title='bbox 485 2575 610 2636; x_wconf 88' lang='lat' dir='ltr'>vocem,</span> <span class='ocrx_word' id='word_1_143' title='bbox 628 2555 796 2636; x_wconf 81' lang='lat' dir='ltr'>firmatque</span> <span class='ocrx_word' id='word_1_144' title='bbox 812 2575 968 2638; x_wconf 88' lang='lat' dir='ltr'>soporem,</span> 
     </span>
     <span class='ocr_line' id='line_1_24' title="bbox 112 2660 1146 2746; baseline -0.003 -21"><span class='ocrx_word' id='word_1_145' title='bbox 112 2662 282 2744; x_wconf 79' lang='lat' dir='ltr'>Languida</span> <span class='ocrx_word' id='word_1_146' title='bbox 295 2663 497 2746; x_wconf 83' lang='lat' dir='ltr'>permulcens</span> <span class='ocrx_word' id='word_1_147' title='bbox 512 2661 673 2726; x_wconf 79' lang='lat' dir='ltr'>medicati</span> <span class='ocrx_word' id='word_1_148' title='bbox 688 2660 812 2724; x_wconf 88' lang='lat' dir='ltr'>lumina</span> <span class='ocrx_word' id='word_1_149' title='bbox 828 2660 928 2742; x_wconf 73' lang='lat' dir='ltr'>virgi„</span> <span class='ocrx_word' id='word_1_150' title='bbox 1081 2661 1146 2723; x_wconf 84' lang='grc'>575</span> 
     </span>
     <span class='ocr_line' id='line_1_25' title="bbox 110 2766 892 2842; baseline -0.006 -12"><span class='ocrx_word' id='word_1_151' title='bbox 110 2767 178 2831; x_wconf 91' lang='lat' dir='ltr'>Nec</span> <span class='ocrx_word' id='word_1_152' title='bbox 195 2787 301 2831; x_wconf 88' lang='lat' dir='ltr'>mora:</span> <span class='ocrx_word' id='word_1_153' title='bbox 325 2767 443 2832; x_wconf 81' lang='lat' dir='ltr'>falcato</span> <span class='ocrx_word' id='word_1_154' title='bbox 458 2776 626 2834; x_wconf 87' lang='lat' dir='ltr'>nutantem</span> <span class='ocrx_word' id='word_1_155' title='bbox 643 2766 790 2829; x_wconf 86' lang='lat' dir='ltr'>vulnerat</span> <span class='ocrx_word' id='word_1_156' title='bbox 805 2784 892 2842; x_wconf 89' lang='lat' dir='ltr'>ense,</span> 
     </span>
     <span class='ocr_line' id='line_1_26' title="bbox 112 2869 971 2952; baseline -0.012 -12"><span class='ocrx_word' id='word_1_157' title='bbox 112 2873 192 2940; x_wconf 78' lang='lat' dir='ltr'>Qut</span> <span class='ocrx_word' id='word_1_158' title='bbox 206 2873 290 2934; x_wconf 91' lang='lat' dir='ltr'>collo</span> <span class='ocrx_word' id='word_1_159' title='bbox 306 2883 355 2934; x_wconf 88' lang='lat' dir='ltr'>est</span> <span class='ocrx_word' id='word_1_160' title='bbox 370 2869 499 2936; x_wconf 88' lang='lat' dir='ltr'>confine</span> <span class='ocrx_word' id='word_1_161' title='bbox 515 2879 622 2952; x_wconf 87' lang='lat' dir='ltr'>caput,</span> <span class='ocrx_word' id='word_1_162' title='bbox 639 2887 781 2948; x_wconf 84' lang='lat' dir='ltr'>saxoque</span> <span class='ocrx_word' id='word_1_163' title='bbox 797 2877 971 2930; x_wconf 86' lang='lat' dir='ltr'>cruentum</span> 
     </span>
     <span class='ocr_line' id='line_1_27' title="bbox 112 2971 968 3058; baseline -0.011 -16"><span class='ocrx_word' id='word_1_164' title='bbox 112 2976 242 3058; x_wconf 86' lang='lat' dir='ltr'>Dejicit,</span> <span class='ocrx_word' id='word_1_165' title='bbox 258 2988 290 3039; x_wconf 91' lang='lat' dir='ltr'>et</span> <span class='ocrx_word' id='word_1_166' title='bbox 307 2976 448 3040; x_wconf 89' lang='lat' dir='ltr'>maculat</span> <span class='ocrx_word' id='word_1_167' title='bbox 465 2985 656 3057; x_wconf 78' lang='lat' dir='ltr'>preruptam</span> <span class='ocrx_word' id='word_1_168' title='bbox 671 2971 828 3053; x_wconf 87' lang='lat' dir='ltr'>sanguine</span> <span class='ocrx_word' id='word_1_169' title='bbox 844 2991 968 3052; x_wconf 83' lang='lat' dir='ltr'>rupem.</span> 
     </span>
     <span class='ocr_line' id='line_1_28' title="bbox 111 3075 1032 3165; baseline -0.007 -19"><span class='ocrx_word' id='word_1_170' title='bbox 111 3085 207 3165; x_wconf 85' lang='lat' dir='ltr'>Arge,</span> <span class='ocrx_word' id='word_1_171' title='bbox 221 3081 320 3162; x_wconf 86' lang='lat' dir='ltr'>jaces,</span> <span class='ocrx_word' id='word_1_172' title='bbox 336 3081 486 3162; x_wconf 90' lang='lat' dir='ltr'>quodque</span> <span class='ocrx_word' id='word_1_173' title='bbox 503 3080 536 3142; x_wconf 88' lang='lat' dir='ltr'>in</span> <span class='ocrx_word' id='word_1_174' title='bbox 553 3089 601 3141; x_wconf 87' lang='lat' dir='ltr'>tot</span> <span class='ocrx_word' id='word_1_175' title='bbox 616 3075 742 3141; x_wconf 89' lang='lat' dir='ltr'>lumina</span> <span class='ocrx_word' id='word_1_176' title='bbox 756 3076 867 3140; x_wconf 90' lang='lat' dir='ltr'>lumen</span> <span class='ocrx_word' id='word_1_177' title='bbox 882 3077 1032 3158; x_wconf 86' lang='lat' dir='ltr'>habebas,</span> 
     </span>
     <span class='ocr_line' id='line_1_29' title="bbox 113 3181 1147 3266; baseline -0.003 -16"><span class='ocrx_word' id='word_1_178' title='bbox 113 3188 321 3250; x_wconf 83' lang='lat' dir='ltr'>Exstinctum</span> <span class='ocrx_word' id='word_1_179' title='bbox 337 3196 394 3265; x_wconf 87' lang='lat' dir='ltr'>est,</span> <span class='ocrx_word' id='word_1_180' title='bbox 410 3196 607 3266; x_wconf 85' lang='lat' dir='ltr'>centumque</span> <span class='ocrx_word' id='word_1_181' title='bbox 623 3181 734 3246; x_wconf 89' lang='lat' dir='ltr'>oculos</span> <span class='ocrx_word' id='word_1_182' title='bbox 750 3199 815 3244; x_wconf 83' lang='lat' dir='ltr'>uox</span> <span class='ocrx_word' id='word_1_183' title='bbox 831 3192 966 3264; x_wconf 89' lang='lat' dir='ltr'>occupat</span> <span class='ocrx_word' id='word_1_184' title='bbox 983 3203 1056 3246; x_wconf 82' lang='lat' dir='ltr'>una</span> <span class='ocrx_word' id='word_1_185' title='bbox 1083 3183 1147 3246; x_wconf 86' lang='grc'>580</span> 
     </span>
     <span class='ocr_line' id='line_1_30' title="bbox 113 3287 928 3374; baseline -0.007 -19"><span class='ocrx_word' id='word_1_186' title='bbox 113 3293 244 3374; x_wconf 83' lang='lat' dir='ltr'>Excipit</span> <span class='ocrx_word' id='word_1_187' title='bbox 260 3294 328 3371; x_wconf 80' lang='lat' dir='ltr'>lios,</span> <span class='ocrx_word' id='word_1_188' title='bbox 345 3291 548 3371; x_wconf 90' lang='lat' dir='ltr'>volucrisque</span> <span class='ocrx_word' id='word_1_189' title='bbox 561 3307 629 3352; x_wconf 78' lang='lat' dir='ltr'>sum</span> <span class='ocrx_word' id='word_1_190' title='bbox 647 3287 799 3352; x_wconf 85' lang='lat' dir='ltr'>Saturnia</span> <span class='ocrx_word' id='word_1_191' title='bbox 815 3289 928 3369; x_wconf 88' lang='lat' dir='ltr'>pennis</span> 
     </span>
     <span class='ocr_line' id='line_1_31' title="bbox 112 3391 983 3478; baseline -0.009 -17"><span class='ocrx_word' id='word_1_192' title='bbox 112 3397 268 3476; x_wconf 83' lang='lat' dir='ltr'>Collocat,</span> <span class='ocrx_word' id='word_1_193' title='bbox 285 3407 318 3460; x_wconf 86' lang='lat' dir='ltr'>et</span> <span class='ocrx_word' id='word_1_194' title='bbox 334 3396 472 3478; x_wconf 87' lang='lat' dir='ltr'>gemmis</span> <span class='ocrx_word' id='word_1_195' title='bbox 487 3393 625 3458; x_wconf 83' lang='lat' dir='ltr'>eatrdam</span> <span class='ocrx_word' id='word_1_196' title='bbox 641 3391 845 3456; x_wconf 85' lang='lat' dir='ltr'>stellantibus</span> <span class='ocrx_word' id='word_1_197' title='bbox 861 3392 983 3474; x_wconf 89' lang='lat' dir='ltr'>implet.</span> 
     </span>
     <span class='ocr_line' id='line_1_32' title="bbox 156 3497 1004 3584; baseline -0.009 -19"><span class='ocrx_word' id='word_1_198' title='bbox 156 3502 307 3568; x_wconf 87' lang='lat' dir='ltr'>Protinus</span> <span class='ocrx_word' id='word_1_199' title='bbox 322 3503 451 3578; x_wconf 83' lang='lat' dir='ltr'>exarsit,</span> <span class='ocrx_word' id='word_1_200' title='bbox 467 3519 528 3564; x_wconf 89' lang='lat' dir='ltr'>uec</span> <span class='ocrx_word' id='word_1_201' title='bbox 544 3511 690 3584; x_wconf 84' lang='lat' dir='ltr'>tempora</span> <span class='ocrx_word' id='word_1_202' title='bbox 704 3498 830 3562; x_wconf 87' lang='lat' dir='ltr'>distulit</span> <span class='ocrx_word' id='word_1_203' title='bbox 846 3497 911 3576; x_wconf 84' lang='lat' dir='ltr'>irae,</span> <span class='ocrx_word' id='word_1_204' title='bbox 1000 3511 1004 3518; x_wconf 87' lang='lat'><strong>·</strong></span> 
     </span>
    </p>
   </div>
   <div class='ocr_carea' id='block_1_4' title="bbox 113 3601 1153 3796">
    <p class='ocr_par' dir='ltr' id='par_1_4' title="bbox 113 3601 1153 3796">
     <span class='ocr_line' id='line_1_33' title="bbox 113 3601 983 3690; baseline -0.013 -18"><span class='ocrx_word' id='word_1_205' title='bbox 113 3607 374 3688; x_wconf 81' lang='lat' dir='ltr'>Horriseramque</span> <span class='ocrx_word' id='word_1_206' title='bbox 390 3607 493 3671; x_wconf 86' lang='lat' dir='ltr'>oculis</span> <span class='ocrx_word' id='word_1_207' title='bbox 507 3606 681 3690; x_wconf 87' lang='lat' dir='ltr'>animoque</span> <span class='ocrx_word' id='word_1_208' title='bbox 698 3602 816 3684; x_wconf 86' lang='lat' dir='ltr'>objecit</span> <span class='ocrx_word' id='word_1_209' title='bbox 833 3601 983 3682; x_wconf 86' lang='lat' dir='ltr'>Erinnyn</span> 
     </span>
     <span class='ocr_line' id='line_1_34' title="bbox 113 3703 1153 3796; baseline -0.013 -18"><span class='ocrx_word' id='word_1_210' title='bbox 113 3713 243 3778; x_wconf 75' lang='lat' dir='ltr'>pellicis</span> <span class='ocrx_word' id='word_1_211' title='bbox 259 3712 427 3796; x_wconf 77' lang='lat' dir='ltr'>Argolicae,</span> <span class='ocrx_word' id='word_1_212' title='bbox 444 3711 655 3794; x_wconf 86' lang='lat' dir='ltr'>stimulosque</span> <span class='ocrx_word' id='word_1_213' title='bbox 671 3710 706 3774; x_wconf 89' lang='lat' dir='ltr'>in</span> <span class='ocrx_word' id='word_1_214' title='bbox 722 3719 850 3792; x_wconf 88' lang='lat' dir='ltr'>pectora</span> <span class='ocrx_word' id='word_1_215' title='bbox 863 3724 967 3769; x_wconf 84' lang='lat' dir='ltr'>caecos</span> <span class='ocrx_word' id='word_1_216' title='bbox 1084 3703 1153 3767; x_wconf 83' lang='grc'>585</span> 
     </span>
    </p>
   </div>
   <div class='ocr_carea' id='block_1_5' title="bbox 0 0 1329 4176">
    <p class='ocr_par' dir='ltr' id='par_1_5' title="bbox 0 0 1329 4176">
     <span class='ocr_line' id='line_1_35' title="bbox 0 0 1329 4176; baseline 0 0"><span class='ocrx_word' id='word_1_217' title='bbox 0 0 1329 4176; x_wconf 95' lang='lat' dir='ltr'> </span> 
     </span>
    </p>
   </div>
  </div>
 </body>
</html>
