2646 4176
604 302 703 354 BOOK
723 303 774 353 111.

168 460 289 546 ,impete
306 478 397 522 nunc
414 467 516 538 vasto,
533 477 595 522 ceu
610 460 761 523 concitus
776 459 934 524 imbribus
949 462 1064 542 amnis,

171 566 291 645 Fertur,
308 577 341 627 et
358 565 523 628 obstantes
539 565 702 646 proturbat
718 577 846 648 pectore
862 567 969 630 silvas.

172 671 262 735 Cedit
277 670 480 754 'Agenorides
496 669 639 753 paulum,
656 671 822 754 spolioque
838 671 942 735 leonis

173 777 314 840 Sustinet
331 778 488 856 incursus,
505 776 720 857 instantiaque
737 797 792 840 ora
807 777 944 841 retardat

171 883 307 966 Cuspide
324 882 489 964 praetentb.
537 881 631 946 Furit
648 882 713 961 ille,
730 896 763 945 et
779 882 889 946 inania
904 883 985 947 duro
1164 885 1209 950 60

171 989 308 1052 Vulnera
323 987 378 1050 dat
393 987 485 1064 ferre,
505 987 638 1070 figitque
655 988 689 1052 in
704 989 854 1052 acumine
871 989 1029 1067 dentes]

167 1097 302 1175 Jamque
318 1091 504 1157 venenifero
520 1097 652 1180 sanguis
667 1115 797 1158 manare
813 1095 920 1178 palato
989 1070 1001 1089 ‘

166 1203 324 1283 Goeperat,
342 1210 374 1261 et
389 1198 508 1262 virides
524 1200 713 1283 adspergine
730 1202 870 1265 tinxerat
885 1203 1037 1283 herbas;·

168 1307 234 1370 Sed
249 1307 321 1368 leve
339 1305 457 1368 vulnus
472 1317 549 1385 erat,
566 1307 641 1386 quia
656 1327 690 1370 se
706 1309 886 1371 retrahebat
901 1307 942 1370 ab
959 1308 1037 1388 ictu,

168 1413 322 1492 Lassaque
338 1411 421 1474 colla
436 1411 532 1474 debat
548 1427 642 1490 retro,
659 1412 850 1494 plagamque
867 1413 976 1476 sedere
1164 1412 1208 1476 ot

172 1517 320 1580 cedendo
336 1517 473 1596 arcebat,
491 1537 550 1580 nec
567 1516 697 1598 longius
713 1519 758 1579 ire
775 1517 919 1596 sinebat;

176 1623 285 1686 Donec
300 1623 494 1706 Agenorides
509 1622 695 1702 conjectum
713 1621 746 1684 in
762 1633 893 1704 gutture
910 1622 1030 1693 ferrum

176 1730 280 1810 Usque
294 1749 430 1810 sequens
446 1729 569 1812 pressit,
586 1728 666 1791 dum
682 1738 765 1792 retro
781 1747 918 1808 quercus
933 1731 1025 1793 eunti

168 1835 309 1915 Obstitit,
325 1846 358 1898 et
375 1835 441 1898 fixa
456 1847 505 1897 est
522 1837 638 1918 pariter
654 1853 730 1899 cunr
746 1836 859 1899 robore
876 1836 998 1900 cervix.
1028 1837 1032 1842 ’

165 1941 312 2006 Pondere
329 1943 485 2024 serpentis
501 1952 634 2004 curvata
648 1952 698 2004 est
713 1943 815 2022 arbor,
832 1953 865 2006 et
881 1943 955 2006 imae
1048 1997 1049 2002 ,
1164 1943 1208 2007 70

166 2047 259 2111 Parte
276 2047 430 2129 flagellari
446 2049 571 2130 gemuit
587 2069 646 2110 sua
660 2049 773 2111 robora
788 2048 911 2113 caudae,

209 2154 300 2217 Dum
316 2155 455 2236 spatium
472 2156 575 2217 victor
590 2153 668 2217 victi
684 2153 866 2218 considerat
881 2156 993 2235 hostis,

163 2259 236 2323 Vox
254 2261 363 2338 subitb
378 2253 487 2322 audita
502 2271 572 2322 est:
598 2259 719 2342 (neque
735 2265 800 2324 erat
812 2281 1008 2342 cognoscere
1024 2269 1208 2344 promptum

162 2365 263 2430 Unde
278 2387 285 2444 ;
311 2366 367 2429 sed
382 2366 492 2428 audita
507 2369 572 2453 est)
589 2366 711 2445 ‘Quid
729 2368 879 2448 Agenore
901 2378 987 2445 nate,
1004 2375 1208 2449 peremptum

164 2471 360 2553 Serpentem
376 2473 522 2555 spectas?
544 2483 577 2534 et
594 2484 628 2534 tu
647 2473 830 2554 spectabere
847 2461 999 2553 serpens’
1164 2471 1186 2536 7
1188 2471 1209 2534 5

162 2577 224 2640 lile
241 2577 298 2640 din
316 2577 451 2660 pavidus
468 2580 582 2660 pariter
597 2597 674 2640 curn
690 2587 799 2638 mente
815 2576 958 2640 colorem

161 2683 361 2760 Perdiderat,
378 2684 547 2766 gelidoque
564 2702 665 2746 cornae
683 2693 799 2745 terrore
815 2682 973 2764 rigebant.

212 2789 311 2866 Ecce,
328 2790 390 2852 viri
404 2789 534 2869 fautrix,
551 2809 682 2872 superas
697 2787 828 2880 delapsa
843 2808 1006 2871 paraturas

160 2895 273 2958 Pallas
289 2896 390 2976 adest,
407 2908 567 2976 motaeque
581 2893 674 2975 jubet
691 2914 870 2978 supponere
886 2905 977 2959 terrae

158 2999 321 3083 Vipereos
336 3001 459 3080 dentes,
475 3001 586 3084 populi
602 3001 802 3064 incrementa
818 3000 927 3065 futuri.
1165 3001 1209 3066 80

157 3107 279 3186 Paret3
304 3118 346 3186 et,
364 3118 398 3170 ut
416 3127 522 3190 presso
539 3108 665 3170 sulcum
684 3105 835 3189 patefecit
851 3116 963 3184 aratro,

157 3213 296 3296 Spargit
313 3213 405 3276 humi
417 3211 534 3293 jussos,
551 3211 699 3275 mortalia
713 3214 846 3291 semina,
863 3211 985 3276 dentes.

157 3319 246 3384 Inde
264 3317 345 3399 (fida
361 3317 482 3405 majus)
498 3319 601 3401 glebae
618 3321 742 3401 crepere
765 3319 898 3398 moveri,

155 3425 335 3506 Primaque
352 3425 392 3488 de
408 3426 506 3488 sulcis
522 3426 608 3488 acies
623 3425 767 3507 apparuit
784 3425 904 3502 hastae;

155 3531 333 3614 Tegmina
348 3551 425 3620 mort
441 3531 582 3613 capitum
600 3529 686 3614 pict'o
703 3530 852 3594 nutantia
866 3548 959 3606 cono,
1167 3527 1211 3590 85

153 3635 245 3702 Mox
263 3637 389 3702 humeri
404 3649 580 3722 pectusque
596 3647 791 3716 onerataque
807 3633 938 3698 brachia
953 3633 1028 3698 telis

153 3741 351 3824 Exsistrrnt,
367 3744 546 3826 crescitque
561 3761 656 3824 seges
670 3741 821 3824 clypeata
836 3740 986 3802 virorum.
