2636 4178
114 233 158 296 82
401 252 518 306 ovms
539 255 861 307 imrauoaruosaa.

112 408 253 471 Lumina
268 409 444 489 vershmnt,
461 411 602 474 animam
618 410 713 474 simul
729 411 930 474 exhalarunt.

112 513 258 595 Adspicit
273 513 447 596 Alphenor,
463 514 644 596 laniataque
657 525 784 598 pectora
799 515 955 598 plangens

112 618 261 698 Advolat,
278 631 315 682 ut
331 618 456 701 gelidos
470 619 693 703 complexibus
708 620 826 682 allevet
841 599 938 701 artus,

113 723 213 802 Inque
230 724 281 806 pio
297 723 382 786 cadit
398 723 523 788 officio:
547 744 623 787 nam
639 725 753 788 Delius
768 725 814 787 illi

69 824 88 849 ”
112 828 232 890 Intima
246 827 373 920 salisam
388 829 473 910 rupit
489 830 661 911 praecordia
675 828 767 892 ferro.

112 933 212 1000 Quod
228 933 323 996 simul
339 933 503 1012 eductum,
518 953 589 1016 pars
604 945 653 997 est
670 933 831 1017 pulmonis
847 935 881 997 in
896 935 1000 997 hamis
1082 935 1144 996 105

112 1038 222 1116 Eruta,
238 1056 376 1117 cumque
392 1038 501 1101 anima
515 1058 607 1100 cruor
622 1049 670 1102 est
686 1037 806 1101 effusus
821 1039 854 1102 in
870 1057 971 1101 auras.

110 1145 153 1205 At
169 1162 235 1205 non
251 1143 414 1205 intonsum
429 1143 567 1225 simplex
583 1143 857 1206 Damasichthona
872 1142 991 1206 vulnus

110 1247 229 1310 afficit.
278 1249 365 1310 Ictus
380 1258 455 1327 erat,
472 1249 536 1329 qua
549 1268 621 1312 crus
636 1268 705 1311 esse
722 1247 843 1330 incipit,
860 1258 893 1310 et
908 1249 972 1328 qui

110 1351 223 1414 Mollia
237 1371 391 1415 nervosus
406 1351 482 1415 iacit
498 1352 678 1416 internodia
693 1352 803 1434 poples
816 1373 823 1431 ;

110 1457 261 1536 Dumque
278 1476 376 1519 manu
392 1467 494 1520 tentat
510 1459 634 1520 trahere
650 1457 813 1520 exitiabile
830 1456 942 1535 telum,

109 1561 220 1624 Altera
235 1581 289 1643 per
300 1559 453 1643 jugulum
469 1563 583 1643 pennis
598 1571 694 1624 tenus
709 1572 780 1624 acta
795 1562 911 1642 sagitta
925 1571 982 1622 est.

111 1666 246 1749 Expulit
262 1667 345 1729 hanc
362 1667 502 1748 sanguia,
519 1685 615 1747 seqpe
632 1663 807 1745 ejaculatus
823 1667 857 1727 in
872 1665 975 1728 altum

111 1771 249 1849 Emicat,
266 1781 298 1832 et
314 1769 410 1852 longe
426 1771 582 1834 terebrata
597 1771 718 1852 prosilit
733 1772 817 1856 auri.

111 1875 253 1937 Ultimus
268 1875 411 1938 Ilioneus
427 1894 492 1937 uon
509 1873 687 1956 proiectura
703 1873 860 1957 precando

111 1980 246 2042 Brachia
260 1979 448 2042 sustulerat:
474 1978 602 2058 ‘Dique
619 1999 638 2040 o
654 1979 869 2042 communiter
884 1981 1017 2058 omnes,’

111 2083 252 2162 Dixerat,
263 2074 398 2164 'ignarus
414 2102 480 2146 non
495 2102 608 2146 omnes
623 2103 691 2145 esse
707 2082 874 2164 rogandos,

112 2188 254 2252 ‘Parcite
266 2189 293 2250 l’
339 2187 448 2250 Motus
463 2201 539 2265 erat,
556 2188 630 2250 clun
642 2185 710 2266 jam
725 2181 906 2250 revocabile
922 2187 1024 2250 telum

110 2294 183 2357 Non
200 2293 271 2370 luit,
289 2292 495 2371 Arcitenens3
519 2292 653 2355 minirno
671 2302 778 2354 tamen
794 2293 911 2355 occidit
928 2291 982 2354 ille

110 2395 259 2476 Vulnere,
276 2417 341 2461 non
357 2397 420 2460 alte
436 2417 583 2480 percusso
598 2397 693 2459 corde
709 2396 834 2478 sagitte„

156 2504 259 2566 Fama
275 2502 350 2564 mali
367 2502 537 2586 populique
554 2502 644 2564 dolor
659 2501 873 2584 lacrymaeque
889 2520 1018 2564 suomm
1081 2501 1144 2564 120

111 2608 198 2671 'Pam
215 2608 329 2670 subitae
345 2621 479 2670 matrem
494 2619 614 2672 certam
630 2605 732 2670 secere
749 2606 860 2685 ruinae,

111 2712 282 2776 Mirantem
299 2713 450 2795 potuisse,
467 2713 721 2792 irascentemque
738 2709 823 2791 quod
839 2710 909 2774 ausi

111 2818 185 2881 Hoc
201 2828 309 2880 essent
323 2818 439 2899 superi,
456 2816 541 2896 quod
558 2828 683 2879 tantum
695 2801 775 2895 juris
790 2816 953 2879 haberent.

110 2922 192 2986 Nam
211 2932 298 3003 pater
312 2921 487 3002 Amphion,
504 2919 586 2982 ferro
603 2940 657 3001 per
672 2931 783 3002 pectus
798 2920 921 2998 adacto,

112 3026 254 3088 Finierat
271 3025 410 3087 moriens
426 3026 541 3105 pariter
556 3043 630 3086 cum
647 3023 718 3086 luce
734 3023 886 3086 dolorem.
1081 3023 1142 3086 125

157 3131 232 3192 Heu
249 3128 404 3210 quantum
420 3128 490 3190 haec
506 3127 610 3188 Niobe
626 3127 729 3191 Niobe
746 3127 884 3190 distabat
899 3128 939 3190 ab
956 3126 1025 3208 illa,

112 3237 199 3304 Quae
215 3233 311 3295 modo
326 3233 437 3294 Latois
452 3232 606 3314 populum
620 3233 825 3296 submoverat
839 3233 911 3310 uria,

113 3340 155 3402 Fa
174 3337 312 3400 mediam
329 3336 439 3399 tulerat
457 3355 582 3416 gressus
597 3337 744 3418 resupina
760 3357 813 3419 per
830 3339 951 3415 urbem,

112 3443 277 3507 Invidiosa
292 3443 372 3502 suis!
383 3453 415 3504 at
432 3460 518 3503 nunc
534 3439 714 3504 miseranda
728 3441 781 3502 vel
796 3443 892 3514 hosti,

112 3547 305 3628 Corporibus
321 3545 436 3626 gelidis
452 3547 620 3625 incumbit,
636 3557 670 3608 et
684 3544 795 3608 ordine
812 3545 901 3608 nullo
1084 3543 1146 3608 13⁰

113 3650 231 3714 Oscula
245 3650 404 3732 dispensat
421 3661 513 3712 natos
527 3669 675 3733 suprema
690 3669 744 3732 per
758 3668 879 3712 omnes.
