2636 4178
137 214 206 280 108*
432 235 551 286 ovros
572 235 892 288 rmrnuonerrosns.

136 390 385 473 Eurydicenque
402 403 528 453 vocent.
578 391 713 455 Umbras
728 403 793 456 erat
810 390 865 452 ille
879 400 1024 454 recentes

139 497 233 575 Inter,
250 507 282 557 et
300 496 428 557 incessit
446 515 538 576 passu
554 496 594 558 de
611 496 742 559 vulnere
759 497 857 559 tarde.

138 602 231 664 Hanc
249 601 344 662 simul
360 612 393 662 et
409 600 514 682 legem
531 600 742 682 Rhodopeius
757 600 873 682 accipit
889 601 993 680 heros,
1129 600 1172 662 50

137 704 185 768 Ne
202 705 308 768 flectat
324 716 405 766 retro
421 724 479 767 sua
494 705 626 785 lumina,
643 705 746 768 donec
762 706 906 768 Avernas

138 811 262 872 Exierit
278 810 387 886 valles,
404 819 458 871 aut
476 809 560 872 irrita
575 809 660 872 dona
674 808 790 872 futura.

182 916 330 995 Carpitur
344 914 475 976 acclivis
490 934 546 996 per
560 925 651 976 muta
665 914 793 976 silentia
809 926 935 994 trames,

137 1019 276 1097 Arduus,
293 1018 456 1096 obscurus,
473 1019 610 1099 caligine
627 1018 746 1082 densus
761 1019 879 1101 opace,

139 1124 205 1185 Nec
224 1123 332 1205 procul
348 1122 515 1185 abfuerant
531 1123 654 1186 telluris
671 1125 814 1206 margine
831 1143 985 1187 surnnrae:
1130 1125 1173 1186 55

139 1229 212 1305 Hic,
231 1248 270 1290 ne
286 1228 447 1304 deficeret,
465 1239 621 1307 metuens,
638 1228 814 1308 avidusque
831 1228 972 1306 videndi,

140 1333 249 1394 Flexit
265 1352 378 1394 amans
394 1332 524 1411 oculos,
548 1344 579 1394 et
596 1334 741 1415 protinus
757 1333 813 1395 illa
827 1333 949 1415 relapsa
964 1343 1021 1412 est,

139 1437 336 1517 Brachioque
354 1437 533 1515 intendens,
550 1437 725 1519 prendique
742 1448 775 1500 et
791 1438 943 1520 prendere
959 1450 1102 1519 captans,

138 1542 190 1605 Nil
209 1543 268 1605 nisi
284 1543 437 1618 cedentes
453 1541 566 1604 infelix
582 1544 688 1624 arripit
704 1562 804 1605 aures.

137 1647 274 1728 Jamque
291 1648 406 1710 iterum
422 1647 562 1713 moriens
578 1667 642 1709 non
659 1660 708 1708 est
724 1646 764 1709 de
780 1644 919 1728 conjuge
934 1637 1109 1728 quicquam
1132 1649 1175 1712 60

139 1752 266 1820 Questa
281 1772 361 1815 suo:
386 1752 464 1832 quid
479 1754 566 1813 enirn
585 1752 646 1814 nisi
662 1772 695 1814 se
711 1763 894 1831 quereretur
908 1752 1071 1814 amatam?

140 1856 397 1937 Supremumque
415 1856 495 1934 vale,
514 1856 599 1935 quod
611 1855 680 1934 jarn
698 1857 753 1919 vix
769 1858 898 1918 auribus
915 1855 967 1917 ille

138 1962 314 2041 Acciperet,
332 1961 423 2037 dixit,
440 1942 646 2040 revolutaque
663 1981 770 2022 rursus
785 1960 900 2024 eddem
916 1972 973 2023 est.

183 2065 255 2126 Non
272 2063 362 2125 aliter
378 2064 499 2145 stupuit
516 2066 646 2146 gemina
662 2084 740 2127 nece
757 2064 905 2147 conjugis
922 2065 1076 2147 Orpheus,

139 2169 250 2236 Quem
268 2169 325 2242 tria
340 2169 394 2248 qui
411 2169 553 2247 timidus,
571 2170 678 2232 medio
695 2182 839 2252 portante
856 2182 996 2246 catenas,
1132 2167 1175 2231 65

138 2273 230 2336 Colla
245 2273 333 2335 canis
351 2273 450 2354 vidit;
475 2294 570 2353 quem
587 2294 652 2336 non
671 2294 768 2356 pavor
783 2276 857 2338 ante
873 2275 1010 2355 reliquit,

138 2378 250 2445 Quem
267 2391 378 2440 natura
396 2379 485 2460 prior,
502 2398 580 2441 saxo
598 2399 651 2461 per
666 2400 781 2462 corpus
796 2381 907 2442 oborto
922 2401 930 2459 ;

138 2483 271 2563 Quique
288 2485 320 2544 in
337 2504 371 2546 se
387 2485 508 2550 crirnen
526 2485 630 2563 traxit,
648 2485 813 2565 voluitque
827 2484 928 2548 videri

139 2587 262 2668 Olenos
274 2609 343 2652 esse
360 2608 491 2667 nocens,
507 2601 617 2670 tuque,
635 2611 654 2652 ο
671 2590 793 2653 confisa
809 2589 921 2671 figurae

140 2692 257 2756 lnselix
274 2694 408 2756 Lethaea
425 2709 499 2772 tnae,
514 2694 717 2774 junctissima
732 2694 893 2775 quondam
1132 2689 1175 2752 70

138 2797 280 2876 Pectora,
300 2819 384 2860 nunc
404 2800 535 2880 lapides,
553 2819 633 2878 quos
648 2800 782 2861 humida
798 2799 933 2862 sustinet
950 2797 1017 2860 Ide.

140 2903 291 2966 Orantem
307 2902 482 2982 frustrr'rque
501 2905 615 2965 iterum
633 2904 762 2966 transire
781 2905 944 2966 volentem

139 3007 276 3070 Portitor
292 3020 442 3068 arcuerat.
491 3007 624 3090 Septem
642 3021 750 3071 tarnen
768 3009 820 3070 ille
836 3008 952 3070 diebus

140 3111 313 3193 Squalidus
330 3112 363 3174 in
378 3111 447 3193 ripa
463 3113 586 3175 Cereris
602 3093 670 3174 sine
688 3133 819 3176 munere
835 3113 928 3176 sedit.

139 3218 224 3280 Oura
249 3216 400 3296 dolorque
417 3217 516 3280 animi
533 3217 746 3300 lacrymaeque
762 3220 917 3282 alimenta
932 3215 1031 3280 suere.
1133 3211 1177 3276 75

140 3323 219 3386 Esse
236 3321 313 3384 deos
331 3321 428 3383 Erebi
443 3320 588 3386 crudeles
604 3336 744 3403 questus,
763 3323 794 3386 in
811 3325 908 3385 altarn

140 3426 183 3489 Se
199 3427 311 3507 recipit
328 3425 509 3510 Rhodopen
525 3428 715 3510 pulsumque
733 3427 949 3509 Aquilonibus
964 3425 1118 3488 Haemon.
