2636 4178
143 248 186 320 74
431 275 549 326 ονιυέ
571 276 893 330 uarruoaerrosas.

142 428 285 492 Exorata
300 441 418 510 tamen,
436 451 506 508 nec,
523 442 558 493 ut
573 431 656 510 haec,
673 432 823 495 exterrita
838 421 954 516 nupsi.²
1109 439 1175 502 255

142 534 243 612 Dixit,
261 547 292 597 et
311 536 341 597 in
361 548 462 618 partes
477 537 616 598 diversas
633 536 763 599 brachia
779 539 914 600 tendens

142 635 284 703 Obstitit.
332 640 431 704 Haud
447 640 529 706 ultra
545 641 648 703 tenuit
667 641 837 704 Saturnius
853 643 942 728 iram,

143 743 380 826 Terribilesque
398 747 540 808 hortatus
556 765 665 826 equos,
682 746 716 808 in
733 748 868 828 gurgitis
884 749 949 811 ima

142 850 333 914 Contortum
350 850 455 912 valido
471 862 631 932 sceptrum
647 852 751 933 regale
768 851 886 914 lacerto

142 955 305 1017 Condidit.
353 957 421 1018 Icta
436 957 522 1018 viam
539 954 634 1018 tellus
651 957 683 1018 in
701 955 836 1019 Tartara
851 956 938 1037 fecit,
1109 962 1176 1025 260

143 1059 186 1121 Et
203 1079 318 1140 pronos
333 1079 443 1122 currus
459 1061 565 1122 medio
581 1073 700 1124 cratere
717 1062 866 1144 recepit!

141 1166 185 1226 At
202 1167 325 1246 Cyane,
341 1177 526 1246 raptamque
542 1165 635 1228 deam
651 1156 899 1248 contemptaque
915 1167 1014 1232 fontis

141 1269 219 1331 Jura
234 1271 283 1332 sui
299 1290 444 1348 maerenS,
462 1270 689 1332 inconsolabile
705 1271 824 1334 vulnus

142 1375 251 1436 Mente
268 1375 348 1456 gerit
365 1373 472 1452 tacita,
491 1374 701 1456 lacrymisque
718 1377 896 1440 absumitur
912 1379 1035 1460 omnis;

143 1479 197 1556 Er,
215 1497 349 1559 quarum
365 1479 467 1540 iuerat
485 1499 638 1558 magnum
655 1480 751 1542 modb
768 1501 900 1563 numen,
916 1484 948 1545 in
965 1484 1036 1546 illas
1111 1487 1177 1550 265

144 1583 347 1646 Extenuatur
362 1603 469 1663 aquas.
518 1584 635 1646 Molliri
651 1586 795 1648 membra
810 1588 944 1666 videres,

143 1689 223 1750 Ossa
238 1689 302 1770 pati
318 1688 431 1766 flexus,
450 1707 575 1769 ungues
591 1690 733 1771 posuisse
751 1692 896 1774 rigorem,

142 1792 311 1874 Primaque
327 1793 366 1854 de
383 1795 451 1856 total
467 1793 656 1856 tenuissima
671 1815 806 1884 quaque
822 1796 1012 1876 liquescunt,

142 1899 280 1961 Caerulei
294 1899 398 1961 crines
414 1899 568 1978 digitique
585 1912 617 1961 et
632 1919 723 1962 crura
738 1900 915 1982 pedesque:

143 2003 225 2068 Nam
241 2004 346 2065 brevis
363 2005 396 2065 in
411 2004 533 2085 gelidas
549 2006 701 2067 membris
716 2004 856 2066 exilibus
872 2005 974 2068 undas
1110 2007 1179 2070 270

144 2108 314 2169 Transitus
330 2120 387 2170 est.
436 2108 512 2170 Post
529 2111 599 2171 haec
616 2109 740 2170 humeri
757 2121 945 2190 tergumque
962 2110 1111 2190 latusque

145 2211 339 2293 Pectoraque
356 2214 389 2276 in
406 2226 520 2276 tenues
534 2215 654 2294 abeunt
669 2213 806 2275 evanida
821 2215 905 2276 rivos
919 2236 926 2294 3

145 2317 291 2398 Denique
308 2339 362 2400 pro
379 2320 455 2382 vivo
472 2319 598 2382 vitiatas
614 2320 771 2400 sanguine
787 2337 884 2381 renas

145 2423 296 2506 Lympha
311 2425 408 2504 subit,
425 2436 582 2505 restatque
600 2424 690 2504 nihil,
707 2425 793 2505 quod
809 2425 961 2507 prendere
978 2425 1088 2507 possis.

350 2691 452 2732 CERES
477 2691 642 2732 SEARCHES
666 2691 730 2732 FOR
753 2691 967 2732 PROSERPINE.

190 2845 315 2906 interea
330 2845 453 2926 pavidae
469 2845 683 2922 nequicquam
702 2844 768 2904 filia
785 2845 876 2905 matri
1114 2843 1181 2906 275

144 2949 304 3012 Omnibus
320 2962 368 3010 cst
386 2951 484 3023 terrie,
502 2949 591 3009 omni
607 2949 740 3026 quaesita
757 2937 923 3028 profundo.

146 3053 238 3115 lllam
255 3073 319 3114 non
336 3052 407 3113 udis
424 3053 556 3112 veniens
574 3054 694 3112 Aurora
709 3050 834 3131 capillis

145 3159 332 3220 Cessantem
347 3156 438 3234 vidit,
456 3175 520 3217 non
539 3155 702 3236 Hesperus
717 3176 723 3233 ;
749 3154 803 3216 illa
818 3156 944 3219 duabus

146 3261 369 3324 Flammiferas
389 3263 482 3342 pinus
498 3261 647 3322 manibus
662 3261 828 3323 succendit
844 3264 884 3324 ab
900 3262 1009 3342 AEtnb,

146 3367 266 3446 Perque
285 3368 450 3448 pruinosas
467 3366 539 3428 tulit
558 3366 725 3445 irrequieta
741 3367 896 3428 tenebras.
1049 3403 1054 3411 ·
1114 3367 1184 3430 280

146 3472 270 3535 Rursus
286 3473 342 3534 ubi
358 3473 442 3534 alma
457 3473 526 3534 dies
543 3473 706 3534 hebetarat
723 3471 834 3548 sidera,
852 3485 959 3534 natam

146 3578 232 3640 Solis
247 3577 286 3638 ad
303 3597 436 3640 occasus
462 3577 538 3639 solis
555 3579 715 3657 quaerebat
732 3577 771 3638 ab
789 3589 869 3638 ortu.

146 3681 247 3746 Fessa
261 3682 367 3746 labore
384 3683 471 3746 silim
487 3683 669 3765 collegerat,
688 3701 804 3762 oraque
821 3681 903 3743 nulli
985 3767 988 3776 Ι
