2636 4178
566 266 667 318 BOOK
688 267 737 318 tx.

138 424 275 502 sternis,
293 434 327 486 et
343 421 492 505 imposito
505 422 606 486 clavae
621 423 747 486 cervice
762 423 923 490 recumbis

139 531 238 594 Haud
255 529 320 592 alio
338 528 440 606 vultu,
459 530 556 609 quim
573 529 599 590 si
615 529 754 592 conviva
766 527 890 610 jaceres

147 638 229 698 luter
243 636 341 717 plena
356 635 435 696 meri
451 634 617 720 redimitus
633 629 749 716 pocula
764 635 864 696 sertis.

192 743 322 820 Jamque
340 739 451 802 valens
467 751 500 801 et
516 740 548 802 in
565 759 660 802 omne
677 740 761 803 latus
777 739 896 802 diffusa
911 739 1056 816 sonabat,
1120 737 1182 802 100

151 846 347 924 Securosque
363 857 449 907 artus
460 855 778 927 contemptoremque
796 845 924 926 petebat

148 950 293 1019 Flamma,
308 969 413 1010 suum.
462 949 617 1014 Timuere
632 950 684 1012 dei
702 969 756 1032 pro
774 948 902 1011 vindice
920 960 1019 1012 161116.

145 1057 240 1123 Quos
256 1056 300 1117 ita
316 1054 430 1136 (sensit
447 1055 552 1141 enim)
567 1047 642 1117 laeto
660 1054 833 1117 Saturnius
849 1075 902 1117 ore

140 1161 268 1242 Jupiter
284 1159 475 1238 alloquitur:
501 1160 634 1222 ‘Nostra
648 1172 696 1223 est
713 1160 807 1222 timor
823 1161 881 1222 iste
898 1160 1056 1241 voluptas,

142 1267 171 1327 Ο
188 1265 306 1346 superi,
325 1275 455 1344 totoque
471 1264 576 1326 libens
592 1265 673 1327 mihi
689 1277 814 1348 peqtore
832 1277 947 1347 grator,
1121 1263 1184 1325 105

146 1369 248 1436 Quod
264 1370 412 1432 memoris
427 1369 536 1451 populi
552 1369 641 1432 dicor
656 1383 818 1451 rectorque
836 1382 996 1452 paterque,

151 1475 197 1536 Et
212 1493 284 1534 mea
300 1474 461 1554 progenies
476 1485 582 1537 vestro
598 1476 724 1555 qudque
742 1486 812 1537 tuta
827 1474 936 1537 favore
952 1484 1011 1536 est.

153 1577 238 1640 Nam
254 1597 428 1658 quanquam
445 1577 545 1660 ipsius¹
561 1580 654 1642 datur
669 1573 732 1641 hoc
748 1579 945 1641 immanibus
961 1580 1050 1657 actis,

154 1683 287 1764 Obligor
302 1684 363 1764 ipse
379 1695 497 1746 tamen.
548 1684 614 1746 Sed
630 1685 727 1762 enim,
745 1703 784 1746 ue
802 1693 931 1765 pectora
945 1702 1029 1745 vano

150 1788 234 1849 Fida
249 1800 335 1851 metu
351 1801 498 1871 paveant,
516 1789 639 1852 OEtaeas
654 1791 791 1872 spernite
808 1789 963 1852 flammas,
1122 1786 1185 1849 110

145 1893 266 1956 Omnia
281 1896 336 1973 qui
354 1895 439 1973 vicit,
457 1896 576 1972 vincet,
593 1915 673 1975 quos
687 1894 827 1974 cernitiS,
845 1895 946 1975 ignes,
1001 1885 1004 1894 ¹

144 2000 211 2062 Nec
230 1999 293 2061 nisi
308 2001 451 2062 1116161111
467 1998 648 2062 Vulcanum
665 2013 751 2082 parte
768 2013 933 2083 potentem

150 2103 283 2166 Sentiet.
331 2103 500 2168 AEteurum
518 2118 576 2183 est,
592 2127 611 2168 a
627 2127 677 2169 me
694 2107 780 2186 quod
798 2107 903 2185 traxit,
920 2117 954 2168 61
968 2124 1082 2187 expers

147 2212 253 2290 Atque
271 2210 414 2272 immune
431 2211 529 2289 necis,
547 2211 697 2292 nullisque
714 2211 875 2274 domabile
890 2211 1030 2274 flammi.

146 2315 248 2395 quue
266 2334 327 2395 ego
343 2313 533 2378 defunctum
551 2317 631 2380 terri
646 2318 831 2378 coelestibus
847 2319 909 2380 oris
1124 2313 1186 2376 115

146 2420 324 2502 Accipiam,
341 2421 529 2500 cunctisque
548 2442 655 2484 meum
672 2421 810 2484 laetabile
828 2420 949 2482 sactum

149 2524 207 2587 Dis
223 2524 290 2586 fore
306 2524 444 2587 confide.
493 2525 530 2588 Si
546 2526 617 2605 quis
633 2537 741 2587 tamen
759 2525 911 2601 Hercule,
925 2525 952 2586 si
966 2525 1038 2603 quis
1076 2579 1082 2588 .

151 2629 249 2692 Forte
266 2628 326 2690 deo
342 2630 499 2706 doliturus
515 2631 584 2709 erit,
600 2630 674 2692 data
690 2630 821 2711 praemia
839 2627 935 2705 nolet,

150 2733 218 2796 Sed
234 2736 386 2796 meruisse
403 2735 471 2798 dari
486 2737 575 2813 sciet,
593 2735 777 2814 invitusque
795 2733 963 2815 probabit.⁵

194 2841 365 2902 Assensdre
380 2840 453 2920 dci3
477 2839 596 2918 conjux
612 2840 736 2920 quoque
754 2840 841 2920 regia
857 2839 925 2901 visa
939 2848 988 2901 est
1125 2835 1187 2898 120

148 2945 266 3005 Cetera
281 2964 343 3006 non
361 2945 450 3023 duro,
469 2946 547 3007 duro
564 2956 670 3008 tamen
689 2945 803 3008 ultima
819 2945 913 3008 vultu

151 3048 372 3111 Dictatulisse
389 3049 489 3128 JoviS,
506 3071 602 3130 seque
620 3049 793 3113 indoluisse
810 3062 964 3112 notatam.

195 3155 330 3232 Interea,
348 3155 562 3234 quodcunque
578 3154 641 3217 fuit
658 3156 839 3237 populabile
856 3156 1004 3232 fiammae,

148 3259 309 3320 Mulciber
324 3260 506 3337 abstulerat,
523 3281 583 3322 nec
599 3260 824 3341 cognoscenda
839 3260 989 3322 remansit

147 3365 302 3426 Herculis
318 3365 450 3445 efligies,
469 3385 526 3428 nec
546 3364 717 3446 quicquam
734 3367 773 3427 ab
791 3365 929 3444 imagine
945 3362 1079 3426 ductum
1126 3361 1188 3424 125

146 3469 262 3532 Matris
279 3470 385 3546 habet,
403 3469 589 3550 tantumque
605 3470 696 3532 Jovis
712 3469 847 3550 vatigia
862 3479 974 3530 servat.

149 3574 259 3654 thue
276 3593 380 3636 novus
396 3594 533 3656 serpenS,
551 3575 654 3657 posita
669 3593 744 3636 cum
760 3573 841 3656 pelle
858 3573 996 3636 senectia.
