2646 4176
560 88 602 165 (ἒ

144 277 186 340 10
432 296 551 350 ovm's
573 297 895 353 narmonrnosns.

142 451 261 515 Deerat
277 453 394 532 adhuc,
411 464 443 518 et
460 454 546 536 quod
561 455 721 520 dominari
736 459 769 520 in
783 461 894 520 cetera
908 467 1024 536 posset.

141 557 243 621 Natus
259 558 358 622 homo
373 570 439 622 est:
464 561 532 622 sive
548 560 638 623 hunc
653 561 765 624 divino
786 563 909 625 semine
925 560 1002 625 fecit

141 662 201 727 Ille
217 661 326 745 opifex
341 683 456 743 rerum,
474 663 587 727 mundi
603 665 744 729 melioris
759 667 848 749 origo
863 689 870 747 ;

143 767 221 830 Sive
237 787 348 831 recens
364 769 458 831 tellus
474 770 669 851 seductaque
685 790 787 854 nuper
801 773 841 834 ab
857 773 924 836 alto
1038 852 1043 862 Χ
1139 775 1183 840 80

141 873 274 936 AEtlrere
290 873 419 955 cognati
436 875 593 937 retinebat
609 877 734 939 semina
748 877 832 956 coeli,

141 978 253 1045 Quam
269 990 357 1042 satus
374 981 484 1061 Iapeto
500 980 637 1043 mixtam
653 981 840 1044 fluvialibus
855 983 951 1047 undis

142 1081 264 1145 Finxit
274 1084 307 1146 in
323 1084 464 1166 effigiem
481 1084 705 1150 moderantum
721 1098 839 1150 cuncta
854 1087 997 1152 deorum.

141 1187 308 1269 Pronaque
325 1190 398 1251 clrm
414 1201 558 1271 spectent
574 1189 726 1253 animalia
740 1203 847 1256 cetera
862 1204 986 1273 tanam,

142 1293 188 1356 Os
203 1294 328 1357 bomini
344 1294 482 1356 sublime
499 1292 598 1374 dedit,
615 1296 797 1376 coelumque
814 1297 923 1361 videre
1136 1300 1181 1362 85

141 1399 253 1478 Jussit,
268 1409 301 1461 et
317 1410 439 1462 erectos
453 1399 495 1460 ad
510 1399 613 1462 sidera
628 1400 739 1464 tollerc
755 1403 875 1466 vultus.

142 1503 208 1584 Sic,
224 1503 324 1569 modo
339 1523 410 1584 quae
428 1502 530 1567 fuerat
546 1505 633 1568 rudis
649 1517 681 1569 et
697 1507 766 1570 sine
783 1507 934 1590 imagine,
950 1509 1047 1572 tellus

141 1609 253 1673 Induit
269 1611 395 1691 ignotas
410 1610 581 1673 hominurn
597 1630 753 1675 conversa
768 1612 897 1696 figuras.

371 1886 439 1928 THE
463 1885 550 1929 FOUR
573 1888 652 1930 AGES
676 1887 716 1930 Οἳ
740 1888 808 1929 THE
831 1887 956 1929 WORLD.

604 2042 634 2085 v.
659 2021 712 2086 89.

141 2145 249 2208 Aurea
262 2143 364 2226 prima
379 2154 448 2206 sata
462 2151 510 2206 est
526 2153 613 2222 aetas,
630 2161 713 2224 quae,
729 2141 859 2205 vindice
875 2141 977 2223 nullo,

141 2248 265 2332 Sponte
280 2249 349 2325 sub,
365 2249 434 2312 sine
451 2247 532 2330 lege,
550 2247 649 2312 fidem
664 2258 851 2328 rectumque
867 2247 1004 2312 colebat.
1137 2245 1180 2312 90
1280 2265 1286 2275 “
1311 2323 1312 2363 ,

141 2353 242 2417 Poena
257 2365 426 2435 metusque
441 2355 595 2432 aberant,
618 2372 678 2416 nec
695 2353 793 2416 verba
807 2352 964 2416 minantia
978 2352 1046 2416 fixo

131 2457 217 2522 AEre
234 2457 431 2542 legebantur,
448 2479 509 2523 nec
525 2457 661 2542 supplex
676 2458 772 2523 turba
785 2459 921 2522 timebat

140 2564 160 2628 J
163 2564 264 2628 udicis
280 2585 334 2627 ora
349 2565 409 2644 sui,
427 2565 483 2628 sed
499 2575 589 2628 erant
604 2566 674 2630 sine
687 2563 798 2645 judice
816 2565 887 2629 tuti.

140 2668 295 2734 Nondum
310 2691 395 2733 caesa
409 2670 485 2748 suis,
503 2671 707 2753 peregrinum
723 2682 760 2734 ut
777 2671 894 2734 viseret
911 2670 1031 2746 orbem,

141 2773 308 2837 Montibus
323 2775 356 2836 in
373 2773 509 2854 liquidas
526 2774 621 2856 pinus
636 2774 844 2835 descenderat
860 2771 985 2850 undas3
1137 2769 1181 2831 95

141 2877 300 2959 Nullaque
316 2877 467 2940 mortales
483 2887 596 2959 praeter
611 2895 671 2938 sua
686 2875 793 2937 littora
807 2875 931 2936 norant.

141 2982 295 3049 Nondum
312 2981 489 3064 praecipitcs
504 2981 679 3062 cingebant
694 2977 812 3062 oppida
827 2975 942 3056 fossae3

141 3091 216 3154 Non
232 3089 311 3152 tuba
324 3086 446 3166 directi,
464 3106 527 3148 non
544 3085 616 3148 aeris
631 3103 753 3147 cornua
767 3083 854 3160 flexi,

142 3193 216 3259 Non
232 3193 342 3276 galeae,
359 3211 425 3256 non
441 3193 526 3255 ensis
540 3200 617 3254 erat.
666 3189 744 3253 Sine
759 3188 871 3252 militis
885 3207 947 3252 usu

143 3300 256 3364 Mollia
271 3317 389 3361 securae
407 3297 600 3380 peragebant
615 3297 681 3358 otia
696 3305 817 3377 gentas
1120 3295 1182 3358 10⁰

143 3407 218 3488 Ipsa
232 3411 360 3488 quoque
376 3402 530 3466 immunis
545 3411 708 3483 rastroque
722 3401 852 3480 intacta,
868 3419 929 3462 nec
944 3399 1020 3462 ullis

146 3511 264 3575 Saucia
278 3509 471 3587 vomeribus,
489 3527 544 3591 per
559 3527 593 3570 se
609 3507 705 3571 dabat
722 3505 831 3568 omnia
847 3505 942 3567 tellus
951 3525 960 3586 ;

133 3613 361 3695 ‘Contentique
377 3613 467 3693 cibis,
485 3613 575 3677 nullo
590 3621 727 3695 cogente
743 3611 867 3688 creatis,

144 3721 304 3786 Arbutcos
319 3718 416 3784 loetus
431 3729 648 3802 montanaque
664 3715 754 3799 fraga
768 3714 928 3800 legebant,
