<?xml version="1.0" encoding="UTF-8"?>
<!DOCTYPE html PUBLIC "-//W3C//DTD XHTML 1.0 Transitional//EN"
    "http://www.w3.org/TR/xhtml1/DTD/xhtml1-transitional.dtd">
<html xmlns="http://www.w3.org/1999/xhtml" xml:lang="en" lang="en">
 <head>
  <title>
</title>
<meta http-equiv="Content-Type" content="text/html;charset=utf-8" />
  <meta name='ocr-system' content='tesseract 3.04.00' />
  <meta name='ocr-capabilities' content='ocr_page ocr_carea ocr_par ocr_line ocrx_word'/>
</head>
<body>
  <div class='ocr_page' id='page_1' title='image "./selectionsfromm00ovidgoog_0038.png"; bbox 0 0 2646 4176; ppageno 0'>
   <div class='ocr_carea' id='block_1_1' title="bbox 587 290 752 343">
    <p class='ocr_par' dir='ltr' id='par_1_1' title="bbox 587 290 752 343">
     <span class='ocr_line' id='line_1_1' title="bbox 587 290 752 343; baseline -0.006 -1"><span class='ocrx_word' id='word_1_1' title='bbox 587 290 688 343; x_wconf 85' lang='lat' dir='ltr'><strong>BOOK</strong></span> <span class='ocrx_word' id='word_1_2' title='bbox 715 291 752 343; x_wconf 87' lang='lat'>11.</span> 
     </span>
    </p>
   </div>
   <div class='ocr_carea' id='block_1_2' title="bbox 145 449 1194 1697">
    <p class='ocr_par' dir='ltr' id='par_1_2' title="bbox 147 449 1000 536">
     <span class='ocr_line' id='line_1_2' title="bbox 147 449 1000 536; baseline -0.005 -18"><span class='ocrx_word' id='word_1_3' title='bbox 147 453 273 518; x_wconf 83' lang='lat' dir='ltr'>Phoebe</span> <span class='ocrx_word' id='word_1_4' title='bbox 290 463 390 536; x_wconf 87' lang='lat' dir='ltr'>pater,</span> <span class='ocrx_word' id='word_1_5' title='bbox 408 452 435 513; x_wconf 93' lang='lat' dir='ltr'>si</span> <span class='ocrx_word' id='word_1_6' title='bbox 451 449 509 512; x_wconf 87' lang='lat' dir='ltr'>das</span> <span class='ocrx_word' id='word_1_7' title='bbox 524 450 623 529; x_wconf 73' lang='lat' dir='ltr'>hujus</span> <span class='ocrx_word' id='word_1_8' title='bbox 638 449 720 512; x_wconf 88' lang='lat' dir='ltr'>mihi</span> <span class='ocrx_word' id='word_1_9' title='bbox 736 449 878 514; x_wconf 81' lang='lat' dir='ltr'>nominis</span> <span class='ocrx_word' id='word_1_10' title='bbox 894 469 1000 530; x_wconf 86' lang='lat' dir='ltr'>usum,</span> 
     </span>
    </p>

    <p class='ocr_par' dir='ltr' id='par_1_3' title="bbox 152 556 989 642">
     <span class='ocr_line' id='line_1_3' title="bbox 152 556 989 642; baseline -0.007 -18"><span class='ocrx_word' id='word_1_11' title='bbox 152 561 289 642; x_wconf 83' lang='lat' dir='ltr'>Pignora</span> <span class='ocrx_word' id='word_1_12' title='bbox 305 558 357 636; x_wconf 89' lang='lat' dir='ltr'>da,</span> <span class='ocrx_word' id='word_1_13' title='bbox 374 556 511 639; x_wconf 86' lang='lat' dir='ltr'>genitor,</span> <span class='ocrx_word' id='word_1_14' title='bbox 527 574 583 637; x_wconf 88' lang='lat' dir='ltr'>per</span> <span class='ocrx_word' id='word_1_15' title='bbox 598 573 670 636; x_wconf 85' lang='lat' dir='ltr'>quae</span> <span class='ocrx_word' id='word_1_16' title='bbox 686 566 743 618; x_wconf 87' lang='lat' dir='ltr'>tua</span> <span class='ocrx_word' id='word_1_17' title='bbox 757 575 834 619; x_wconf 83' lang='lat' dir='ltr'>vera</span> <span class='ocrx_word' id='word_1_18' title='bbox 849 575 989 639; x_wconf 83' lang='lat' dir='ltr'>propago</span> 
     </span>
    </p>

    <p class='ocr_par' dir='ltr' id='par_1_4' title="bbox 155 661 1022 743">
     <span class='ocr_line' id='line_1_4' title="bbox 155 661 1022 743; baseline -0.005 -13"><span class='ocrx_word' id='word_1_19' title='bbox 155 665 278 743; x_wconf 82' lang='lat' dir='ltr'>Credat,</span> <span class='ocrx_word' id='word_1_20' title='bbox 295 675 329 726; x_wconf 92' lang='lat' dir='ltr'>et</span> <span class='ocrx_word' id='word_1_21' title='bbox 345 663 434 725; x_wconf 87' lang='lat' dir='ltr'>hune</span> <span class='ocrx_word' id='word_1_22' title='bbox 452 661 569 724; x_wconf 85' lang='lat' dir='ltr'>animis</span> <span class='ocrx_word' id='word_1_23' title='bbox 584 681 721 724; x_wconf 89' lang='lat' dir='ltr'>errorem</span> <span class='ocrx_word' id='word_1_24' title='bbox 736 661 868 726; x_wconf 87' lang='lat' dir='ltr'>detrahe</span> <span class='ocrx_word' id='word_1_25' title='bbox 883 661 1022 726; x_wconf 66' lang='lat' dir='ltr'>nostris!</span> 
     </span>
    </p>

    <p class='ocr_par' dir='ltr' id='par_1_5' title="bbox 150 756 1194 1066">
     <span class='ocr_line' id='line_1_5' title="bbox 155 756 1067 850; baseline -0.003 -15"><span class='ocrx_word' id='word_1_26' title='bbox 155 772 295 835; x_wconf 81' lang='lat' dir='ltr'>Dixerat.</span> <span class='ocrx_word' id='word_1_27' title='bbox 344 756 388 831; x_wconf 75' lang='lat' dir='ltr'>nt</span> <span class='ocrx_word' id='word_1_28' title='bbox 403 769 530 850; x_wconf 88' lang='lat' dir='ltr'>genitor</span> <span class='ocrx_word' id='word_1_29' title='bbox 545 767 667 830; x_wconf 84' lang='lat' dir='ltr'>circum</span> <span class='ocrx_word' id='word_1_30' title='bbox 682 771 781 850; x_wconf 81' lang='lat' dir='ltr'>eaput</span> <span class='ocrx_word' id='word_1_31' title='bbox 797 786 893 831; x_wconf 90' lang='lat' dir='ltr'>omne</span> <span class='ocrx_word' id='word_1_32' title='bbox 910 769 1067 832; x_wconf 77' lang='lat' dir='ltr'>micantes</span> 
     </span>
     <span class='ocr_line' id='line_1_6' title="bbox 154 871 1194 960; baseline -0.002 -20"><span class='ocrx_word' id='word_1_33' title='bbox 154 877 310 960; x_wconf 81' lang='lat' dir='ltr'>Deposuit</span> <span class='ocrx_word' id='word_1_34' title='bbox 326 874 440 954; x_wconf 89' lang='lat' dir='ltr'>radios,</span> <span class='ocrx_word' id='word_1_35' title='bbox 458 871 651 955; x_wconf 77' lang='lat' dir='ltr'>propiusque</span> <span class='ocrx_word' id='word_1_36' title='bbox 667 873 819 946; x_wconf 80' lang='lat' dir='ltr'>accedere</span> <span class='ocrx_word' id='word_1_37' title='bbox 831 871 939 953; x_wconf 88' lang='lat' dir='ltr'>jussit,</span> <span class='ocrx_word' id='word_1_38' title='bbox 1149 871 1194 938; x_wconf 83' lang='grc'>40</span> 
     </span>
     <span class='ocr_line' id='line_1_7' title="bbox 150 977 955 1066; baseline -0.005 -20"><span class='ocrx_word' id='word_1_39' title='bbox 150 982 377 1066; x_wconf 84' lang='lat' dir='ltr'>Amplexuque</span> <span class='ocrx_word' id='word_1_40' title='bbox 393 979 479 1058; x_wconf 87' lang='lat' dir='ltr'>dato,</span> <span class='ocrx_word' id='word_1_41' title='bbox 498 977 583 1041; x_wconf 87' lang='lat' dir='ltr'>‘Nee</span> <span class='ocrx_word' id='word_1_42' title='bbox 600 987 636 1041; x_wconf 89' lang='lat' dir='ltr'>tu</span> <span class='ocrx_word' id='word_1_43' title='bbox 652 998 744 1042; x_wconf 87' lang='lat' dir='ltr'>meus</span> <span class='ocrx_word' id='word_1_44' title='bbox 759 999 829 1042; x_wconf 87' lang='lat' dir='ltr'>esse</span> <span class='ocrx_word' id='word_1_45' title='bbox 846 980 955 1062; x_wconf 83' lang='lat' dir='ltr'>negari</span> 
     </span>
    </p>

    <p class='ocr_par' dir='ltr' id='par_1_6' title="bbox 147 1084 1020 1169">
     <span class='ocr_line' id='line_1_8' title="bbox 147 1084 1020 1169; baseline -0.003 -18"><span class='ocrx_word' id='word_1_46' title='bbox 147 1089 279 1169; x_wconf 88' lang='lat' dir='ltr'>Dignus</span> <span class='ocrx_word' id='word_1_47' title='bbox 294 1106 339 1164; x_wconf 90' lang='lat' dir='ltr'>es,</span> <span class='ocrx_word' id='word_1_48' title='bbox 356 1097 388 1148; x_wconf 89' lang='lat' dir='ltr'>et</span> <span class='ocrx_word' id='word_1_49' title='bbox 404 1084 564 1166; x_wconf 79' lang='lat' dir='ltr'><strong>Clymene</strong></span> <span class='ocrx_word' id='word_1_50' title='bbox 581 1087 694 1164; x_wconf 85' lang='lat' dir='ltr'>veros,&#39;</span> <span class='ocrx_word' id='word_1_51' title='bbox 710 1085 765 1163; x_wconf 89' lang='lat' dir='ltr'>ait,</span> <span class='ocrx_word' id='word_1_52' title='bbox 784 1084 907 1149; x_wconf 83' lang='lat' dir='ltr'>‘edidit</span> <span class='ocrx_word' id='word_1_53' title='bbox 923 1096 1020 1149; x_wconf 86' lang='lat' dir='ltr'>ortus.</span> 
     </span>
    </p>

    <p class='ocr_par' dir='ltr' id='par_1_7' title="bbox 146 1189 1112 1274">
     <span class='ocr_line' id='line_1_9' title="bbox 146 1189 1112 1274; baseline -0.001 -19"><span class='ocrx_word' id='word_1_54' title='bbox 146 1193 292 1272; x_wconf 75' lang='lat' dir='ltr'>Qubque</span> <span class='ocrx_word' id='word_1_55' title='bbox 308 1191 414 1254; x_wconf 83' lang='lat' dir='ltr'>minds</span> <span class='ocrx_word' id='word_1_56' title='bbox 430 1190 569 1268; x_wconf 83' lang='lat' dir='ltr'>dubites,</span> <span class='ocrx_word' id='word_1_57' title='bbox 585 1190 722 1271; x_wconf 89' lang='lat' dir='ltr'>quodvis</span> <span class='ocrx_word' id='word_1_58' title='bbox 738 1202 810 1274; x_wconf 89' lang='lat' dir='ltr'>pete</span> <span class='ocrx_word' id='word_1_59' title='bbox 826 1210 956 1271; x_wconf 87' lang='lat' dir='ltr'>munus,</span> <span class='ocrx_word' id='word_1_60' title='bbox 973 1201 1007 1254; x_wconf 89' lang='lat' dir='ltr'>at</span> <span class='ocrx_word' id='word_1_61' title='bbox 1021 1189 1112 1271; x_wconf 85' lang='lat' dir='ltr'>illud,</span> 
     </span>
    </p>

    <p class='ocr_par' dir='ltr' id='par_1_8' title="bbox 145 1295 934 1374">
     <span class='ocr_line' id='line_1_10' title="bbox 145 1295 934 1374; baseline -0.003 -12"><span class='ocrx_word' id='word_1_62' title='bbox 145 1298 201 1362; x_wconf 88' lang='lat' dir='ltr'>Me</span> <span class='ocrx_word' id='word_1_63' title='bbox 218 1298 392 1374; x_wconf 79' lang='lat' dir='ltr'>tribuente,</span> <span class='ocrx_word' id='word_1_64' title='bbox 408 1295 500 1359; x_wconf 83' lang='lat' dir='ltr'>feres.</span> <span class='ocrx_word' id='word_1_65' title='bbox 548 1295 700 1358; x_wconf 92' lang='lat' dir='ltr'>Promissi</span> <span class='ocrx_word' id='word_1_66' title='bbox 716 1297 807 1360; x_wconf 90' lang='lat' dir='ltr'>testis</span> <span class='ocrx_word' id='word_1_67' title='bbox 822 1297 934 1360; x_wconf 84' lang='lat' dir='ltr'>adesto</span> 
     </span>
    </p>

    <p class='ocr_par' dir='ltr' id='par_1_9' title="bbox 148 1400 1192 1589">
     <span class='ocr_line' id='line_1_11' title="bbox 148 1400 1192 1484; baseline -0.002 -18"><span class='ocrx_word' id='word_1_68' title='bbox 148 1403 210 1466; x_wconf 82' lang='lat' dir='ltr'>Dis</span> <span class='ocrx_word' id='word_1_69' title='bbox 222 1402 359 1484; x_wconf 81' lang='lat' dir='ltr'>juranda</span> <span class='ocrx_word' id='word_1_70' title='bbox 374 1402 475 1484; x_wconf 88' lang='lat' dir='ltr'>palus,</span> <span class='ocrx_word' id='word_1_71' title='bbox 493 1402 595 1465; x_wconf 88' lang='lat' dir='ltr'>oeulis</span> <span class='ocrx_word' id='word_1_72' title='bbox 611 1402 777 1484; x_wconf 82' lang='lat' dir='ltr'>incognita</span> <span class='ocrx_word' id='word_1_73' title='bbox 792 1404 932 1466; x_wconf 65' lang='lat' dir='ltr'>uostris!</span> <span class='ocrx_word' id='word_1_74' title='bbox 1147 1400 1192 1464; x_wconf 77' lang='grc'>45</span> 
     </span>
     <span class='ocr_line' id='line_1_12' title="bbox 154 1506 964 1589; baseline 0.001 -20"><span class='ocrx_word' id='word_1_75' title='bbox 154 1506 221 1570; x_wconf 81' lang='lat' dir='ltr'>Vix</span> <span class='ocrx_word' id='word_1_76' title='bbox 233 1510 314 1570; x_wconf 89' lang='lat' dir='ltr'>bene</span> <span class='ocrx_word' id='word_1_77' title='bbox 329 1508 487 1571; x_wconf 87' lang='lat' dir='ltr'>desierat:</span> <span class='ocrx_word' id='word_1_78' title='bbox 512 1527 623 1570; x_wconf 83' lang='lat' dir='ltr'>currus</span> <span class='ocrx_word' id='word_1_79' title='bbox 639 1509 718 1588; x_wconf 89' lang='lat' dir='ltr'>petit</span> <span class='ocrx_word' id='word_1_80' title='bbox 735 1507 789 1569; x_wconf 90' lang='lat' dir='ltr'>ille</span> <span class='ocrx_word' id='word_1_81' title='bbox 805 1519 964 1589; x_wconf 86' lang='lat' dir='ltr'>paternos,</span> 
     </span>
    </p>

    <p class='ocr_par' dir='ltr' id='par_1_10' title="bbox 158 1610 1070 1697">
     <span class='ocr_line' id='line_1_13' title="bbox 158 1610 1070 1697; baseline -0.002 -21"><span class='ocrx_word' id='word_1_82' title='bbox 158 1613 261 1694; x_wconf 89' lang='lat' dir='ltr'>Inque</span> <span class='ocrx_word' id='word_1_83' title='bbox 276 1613 354 1677; x_wconf 89' lang='lat' dir='ltr'>diem</span> <span class='ocrx_word' id='word_1_84' title='bbox 369 1613 533 1697; x_wconf 86' lang='lat' dir='ltr'>alipedum</span> <span class='ocrx_word' id='word_1_85' title='bbox 547 1610 650 1692; x_wconf 88' lang='lat' dir='ltr'>juset</span> <span class='ocrx_word' id='word_1_86' title='bbox 667 1611 874 1675; x_wconf 78' lang='lat' dir='ltr'>moderamen</span> <span class='ocrx_word' id='word_1_87' title='bbox 891 1631 1070 1693; x_wconf 89' lang='lat' dir='ltr'>equorum.-</span> 
     </span>
    </p>
   </div>
   <div class='ocr_carea' id='block_1_3' title="bbox 414 1861 913 1906">
    <p class='ocr_par' dir='ltr' id='par_1_11' title="bbox 414 1861 913 1906">
     <span class='ocr_line' id='line_1_14' title="bbox 414 1861 913 1906; baseline -0.002 -1"><span class='ocrx_word' id='word_1_88' title='bbox 414 1864 481 1906; x_wconf 74' lang='lat' dir='ltr'>Tne</span> <span class='ocrx_word' id='word_1_89' title='bbox 506 1863 664 1906; x_wconf 68' lang='lat' dir='ltr'>aarum!</span> <span class='ocrx_word' id='word_1_90' title='bbox 688 1862 728 1906; x_wconf 73' lang='lat' dir='ltr'>OF</span> <span class='ocrx_word' id='word_1_91' title='bbox 751 1862 819 1906; x_wconf 73' lang='lat' dir='ltr'>THE</span> <span class='ocrx_word' id='word_1_92' title='bbox 844 1861 913 1906; x_wconf 77' lang='lat' dir='ltr'><strong>SUN.</strong></span> 
     </span>
    </p>
   </div>
   <div class='ocr_carea' id='block_1_4' title="bbox 146 2035 1084 2120">
    <p class='ocr_par' dir='ltr' id='par_1_12' title="bbox 146 2035 1084 2120">
     <span class='ocr_line' id='line_1_15' title="bbox 146 2035 1084 2120; baseline 0.004 -21"><span class='ocrx_word' id='word_1_93' title='bbox 146 2035 303 2100; x_wconf 86' lang='lat' dir='ltr'>Poenituit</span> <span class='ocrx_word' id='word_1_94' title='bbox 315 2035 439 2117; x_wconf 66' lang='lat' dir='ltr'>jurasse</span> <span class='ocrx_word' id='word_1_95' title='bbox 456 2049 595 2120; x_wconf 85' lang='lat' dir='ltr'>patrem;</span> <span class='ocrx_word' id='word_1_96' title='bbox 619 2037 675 2118; x_wconf 91' lang='lat' dir='ltr'>qui</span> <span class='ocrx_word' id='word_1_97' title='bbox 691 2047 801 2118; x_wconf 85' lang='lat' dir='ltr'>terqua</span> <span class='ocrx_word' id='word_1_98' title='bbox 817 2047 992 2119; x_wconf 80' lang='lat' dir='ltr'>quaterque</span> <span class='ocrx_word' id='word_1_99' title='bbox 1082 2063 1084 2067; x_wconf 93' lang='lat'>·</span> 
     </span>
    </p>
   </div>
   <div class='ocr_carea' id='block_1_5' title="bbox 140 2142 1193 3703">
    <p class='ocr_par' dir='ltr' id='par_1_13' title="bbox 147 2142 966 2226">
     <span class='ocr_line' id='line_1_16' title="bbox 147 2142 966 2226; baseline 0.002 -22"><span class='ocrx_word' id='word_1_100' title='bbox 147 2142 347 2205; x_wconf 76' lang='lat' dir='ltr'>Concutiens</span> <span class='ocrx_word' id='word_1_101' title='bbox 364 2143 484 2206; x_wconf 82' lang='lat' dir='ltr'>illustre</span> <span class='ocrx_word' id='word_1_102' title='bbox 500 2154 607 2226; x_wconf 88' lang='lat' dir='ltr'>eaput,</span> <span class='ocrx_word' id='word_1_103' title='bbox 626 2143 856 2225; x_wconf 63' lang='lat' dir='ltr'>‘Temeraria’</span> <span class='ocrx_word' id='word_1_104' title='bbox 871 2142 966 2223; x_wconf 83' lang='lat' dir='ltr'>dixit,</span> 
     </span>
    </p>

    <p class='ocr_par' dir='ltr' id='par_1_14' title="bbox 143 2247 1192 2536">
     <span class='ocr_line' id='line_1_17' title="bbox 147 2247 1192 2331; baseline 0.004 -22"><span class='ocrx_word' id='word_1_105' title='bbox 147 2247 241 2311; x_wconf 81' lang='lat' dir='ltr'>‘Vox</span> <span class='ocrx_word' id='word_1_106' title='bbox 257 2269 331 2311; x_wconf 90' lang='lat' dir='ltr'>mea</span> <span class='ocrx_word' id='word_1_107' title='bbox 346 2247 432 2310; x_wconf 88' lang='lat' dir='ltr'>faeta</span> <span class='ocrx_word' id='word_1_108' title='bbox 449 2249 503 2313; x_wconf 68' lang='lat' dir='ltr'>tud</span> <span class='ocrx_word' id='word_1_109' title='bbox 518 2261 576 2311; x_wconf 89' lang='lat' dir='ltr'>est.</span> <span class='ocrx_word' id='word_1_110' title='bbox 625 2247 759 2312; x_wconf 84' lang='lat' dir='ltr'>Utinam</span> <span class='ocrx_word' id='word_1_111' title='bbox 775 2249 931 2331; x_wconf 83' lang='lat' dir='ltr'>promissa</span> <span class='ocrx_word' id='word_1_112' title='bbox 945 2249 1057 2314; x_wconf 80' lang='lat' dir='ltr'>liceret</span> <span class='ocrx_word' id='word_1_113' title='bbox 1148 2248 1192 2313; x_wconf 79' lang='lat'>60</span> 
     </span>
     <span class='ocr_line' id='line_1_18' title="bbox 143 2353 1088 2438; baseline 0.002 -23"><span class='ocrx_word' id='word_1_114' title='bbox 143 2353 221 2416; x_wconf 83' lang='lat' dir='ltr'>Non</span> <span class='ocrx_word' id='word_1_115' title='bbox 235 2353 332 2418; x_wconf 88' lang='lat' dir='ltr'>dare!</span> <span class='ocrx_word' id='word_1_116' title='bbox 358 2354 523 2431; x_wconf 85' lang='lat' dir='ltr'>Confiteor</span> <span class='ocrx_word' id='word_1_117' title='bbox 538 2354 644 2418; x_wconf 87' lang='lat' dir='ltr'>solum</span> <span class='ocrx_word' id='word_1_118' title='bbox 658 2357 720 2418; x_wconf 90' lang='lat' dir='ltr'>hoe</span> <span class='ocrx_word' id='word_1_119' title='bbox 737 2354 807 2432; x_wconf 91' lang='lat' dir='ltr'>tibi,</span> <span class='ocrx_word' id='word_1_120' title='bbox 825 2365 910 2434; x_wconf 86' lang='lat' dir='ltr'>nate,</span> <span class='ocrx_word' id='word_1_121' title='bbox 926 2373 1088 2438; x_wconf 80' lang='lat' dir='ltr'>negarem.</span> 
     </span>
     <span class='ocr_line' id='line_1_19' title="bbox 147 2455 959 2536; baseline 0.004 -16"><span class='ocrx_word' id='word_1_122' title='bbox 147 2455 340 2536; x_wconf 83' lang='lat' dir='ltr'>Dissuadere</span> <span class='ocrx_word' id='word_1_123' title='bbox 356 2458 441 2522; x_wconf 88' lang='lat' dir='ltr'>lieet.</span> <span class='ocrx_word' id='word_1_124' title='bbox 489 2460 561 2523; x_wconf 90' lang='lat' dir='ltr'>Nou</span> <span class='ocrx_word' id='word_1_125' title='bbox 577 2470 626 2524; x_wconf 91' lang='lat' dir='ltr'>est</span> <span class='ocrx_word' id='word_1_126' title='bbox 644 2471 699 2522; x_wconf 86' lang='lat' dir='ltr'>tua</span> <span class='ocrx_word' id='word_1_127' title='bbox 714 2471 784 2522; x_wconf 85' lang='lat' dir='ltr'>tuta</span> <span class='ocrx_word' id='word_1_128' title='bbox 800 2460 959 2523; x_wconf 87' lang='lat' dir='ltr'>veluntas.</span> 
     </span>
    </p>

    <p class='ocr_par' dir='ltr' id='par_1_15' title="bbox 148 2563 1013 2648">
     <span class='ocr_line' id='line_1_20' title="bbox 148 2563 1013 2648; baseline 0 -22"><span class='ocrx_word' id='word_1_129' title='bbox 148 2563 269 2646; x_wconf 80' lang='lat' dir='ltr'>Magna</span> <span class='ocrx_word' id='word_1_130' title='bbox 285 2567 376 2648; x_wconf 80' lang='lat' dir='ltr'>petiS,</span> <span class='ocrx_word' id='word_1_131' title='bbox 393 2565 573 2644; x_wconf 66' lang='lat' dir='ltr'>Phaethon,</span> <span class='ocrx_word' id='word_1_132' title='bbox 590 2577 621 2626; x_wconf 87' lang='lat' dir='ltr'>et</span> <span class='ocrx_word' id='word_1_133' title='bbox 638 2583 710 2645; x_wconf 88' lang='lat' dir='ltr'>quae</span> <span class='ocrx_word' id='word_1_134' title='bbox 727 2583 788 2627; x_wconf 88' lang='lat' dir='ltr'>nee</span> <span class='ocrx_word' id='word_1_135' title='bbox 804 2565 927 2627; x_wconf 87' lang='lat' dir='ltr'>viribus</span> <span class='ocrx_word' id='word_1_136' title='bbox 942 2565 1013 2627; x_wconf 91' lang='lat' dir='ltr'>istis</span> 
     </span>
    </p>

    <p class='ocr_par' dir='ltr' id='par_1_16' title="bbox 147 2669 965 2752">
     <span class='ocr_line' id='line_1_21' title="bbox 147 2669 965 2752; baseline 0 -20"><span class='ocrx_word' id='word_1_137' title='bbox 147 2669 285 2732; x_wconf 82' lang='lat' dir='ltr'>Munera</span> <span class='ocrx_word' id='word_1_138' title='bbox 298 2671 492 2734; x_wconf 85' lang='lat' dir='ltr'>conveniant</span> <span class='ocrx_word' id='word_1_139' title='bbox 509 2691 569 2734; x_wconf 86' lang='lat' dir='ltr'>nee</span> <span class='ocrx_word' id='word_1_140' title='bbox 588 2681 654 2732; x_wconf 88' lang='lat' dir='ltr'>tam</span> <span class='ocrx_word' id='word_1_141' title='bbox 670 2669 848 2752; x_wconf 84' lang='lat' dir='ltr'>puerilibus</span> <span class='ocrx_word' id='word_1_142' title='bbox 863 2669 965 2732; x_wconf 82' lang='lat' dir='ltr'>annis</span> 
     </span>
    </p>

    <p class='ocr_par' dir='ltr' id='par_1_17' title="bbox 143 2773 1193 3070">
     <span class='ocr_line' id='line_1_22' title="bbox 147 2773 1193 2858; baseline 0.003 -22"><span class='ocrx_word' id='word_1_143' title='bbox 147 2773 227 2838; x_wconf 80' lang='lat' dir='ltr'>Sors</span> <span class='ocrx_word' id='word_1_144' title='bbox 242 2786 298 2838; x_wconf 87' lang='lat' dir='ltr'>tua</span> <span class='ocrx_word' id='word_1_145' title='bbox 314 2777 476 2858; x_wconf 82' lang='lat' dir='ltr'>mortalis3</span> <span class='ocrx_word' id='word_1_146' title='bbox 501 2797 567 2840; x_wconf 89' lang='lat' dir='ltr'>nou</span> <span class='ocrx_word' id='word_1_147' title='bbox 584 2787 632 2840; x_wconf 90' lang='lat' dir='ltr'>est</span> <span class='ocrx_word' id='word_1_148' title='bbox 648 2775 792 2856; x_wconf 82' lang='lat' dir='ltr'>mortale,</span> <span class='ocrx_word' id='word_1_149' title='bbox 809 2775 896 2856; x_wconf 91' lang='lat' dir='ltr'>quod</span> <span class='ocrx_word' id='word_1_150' title='bbox 913 2786 1012 2858; x_wconf 89' lang='lat' dir='ltr'>optas.</span> <span class='ocrx_word' id='word_1_151' title='bbox 1148 2778 1193 2840; x_wconf 79' lang='lat'>55</span> 
     </span>
     <span class='ocr_line' id='line_1_23' title="bbox 145 2877 1046 2966; baseline 0.001 -22"><span class='ocrx_word' id='word_1_152' title='bbox 145 2877 226 2944; x_wconf 87' lang='lat' dir='ltr'>Plus</span> <span class='ocrx_word' id='word_1_153' title='bbox 240 2882 349 2960; x_wconf 87' lang='lat' dir='ltr'>etiam,</span> <span class='ocrx_word' id='word_1_154' title='bbox 366 2884 463 2963; x_wconf 79' lang='lat' dir='ltr'>quim</span> <span class='ocrx_word' id='word_1_155' title='bbox 479 2883 566 2964; x_wconf 90' lang='lat' dir='ltr'>quod</span> <span class='ocrx_word' id='word_1_156' title='bbox 582 2883 704 2966; x_wconf 91' lang='lat' dir='ltr'>superis</span> <span class='ocrx_word' id='word_1_157' title='bbox 720 2883 906 2965; x_wconf 83' lang='lat' dir='ltr'>contingere</span> <span class='ocrx_word' id='word_1_158' title='bbox 923 2881 972 2946; x_wconf 87' lang='lat' dir='ltr'>fas</span> <span class='ocrx_word' id='word_1_159' title='bbox 986 2893 1046 2962; x_wconf 86' lang='lat' dir='ltr'>est,</span> 
     </span>
     <span class='ocr_line' id='line_1_24' title="bbox 143 2983 995 3070; baseline 0.005 -22"><span class='ocrx_word' id='word_1_160' title='bbox 143 2983 284 3049; x_wconf 81' lang='lat' dir='ltr'>Nescius</span> <span class='ocrx_word' id='word_1_161' title='bbox 299 2987 439 3056; x_wconf 79' lang='lat' dir='ltr'>affectes.</span> <span class='ocrx_word' id='word_1_162' title='bbox 486 2989 616 3052; x_wconf 85' lang='lat' dir='ltr'>Placeat</span> <span class='ocrx_word' id='word_1_163' title='bbox 630 2989 694 3052; x_wconf 86' lang='lat' dir='ltr'>sibi</span> <span class='ocrx_word' id='word_1_164' title='bbox 710 2989 846 3070; x_wconf 87' lang='lat' dir='ltr'>quisque</span> <span class='ocrx_word' id='word_1_165' title='bbox 863 2988 973 3052; x_wconf 85' lang='lat' dir='ltr'>licebit</span> <span class='ocrx_word' id='word_1_166' title='bbox 987 3011 995 3068; x_wconf 87' lang='lat'>;</span> 
     </span>
    </p>

    <p class='ocr_par' dir='ltr' id='par_1_18' title="bbox 143 3089 1000 3176">
     <span class='ocr_line' id='line_1_25' title="bbox 143 3089 1000 3176; baseline 0.002 -22"><span class='ocrx_word' id='word_1_167' title='bbox 143 3089 222 3156; x_wconf 87' lang='lat' dir='ltr'>Non</span> <span class='ocrx_word' id='word_1_168' title='bbox 237 3103 345 3156; x_wconf 84' lang='lat' dir='ltr'>tamen</span> <span class='ocrx_word' id='word_1_169' title='bbox 362 3093 498 3176; x_wconf 84' lang='lat' dir='ltr'>ignifero</span> <span class='ocrx_word' id='word_1_170' title='bbox 514 3095 684 3176; x_wconf 89' lang='lat' dir='ltr'>quisquam</span> <span class='ocrx_word' id='word_1_171' title='bbox 699 3095 873 3158; x_wconf 84' lang='lat' dir='ltr'>consistere</span> <span class='ocrx_word' id='word_1_172' title='bbox 889 3095 924 3157; x_wconf 90' lang='lat' dir='ltr'>in</span> <span class='ocrx_word' id='word_1_173' title='bbox 939 3115 1000 3158; x_wconf 87' lang='lat' dir='ltr'>axe</span> 
     </span>
    </p>

    <p class='ocr_par' dir='ltr' id='par_1_19' title="bbox 143 3196 1029 3282">
     <span class='ocr_line' id='line_1_26' title="bbox 143 3196 1029 3282; baseline 0 -20"><span class='ocrx_word' id='word_1_174' title='bbox 143 3196 200 3262; x_wconf 86' lang='lat' dir='ltr'>Me</span> <span class='ocrx_word' id='word_1_175' title='bbox 219 3197 305 3262; x_wconf 85' lang='lat' dir='ltr'>valet</span> <span class='ocrx_word' id='word_1_176' title='bbox 321 3212 466 3282; x_wconf 85' lang='lat' dir='ltr'>excepto.</span> <span class='ocrx_word' id='word_1_177' title='bbox 517 3201 606 3264; x_wconf 85' lang='lat' dir='ltr'>Vasti</span> <span class='ocrx_word' id='word_1_178' title='bbox 621 3201 750 3282; x_wconf 85' lang='lat' dir='ltr'>qudque</span> <span class='ocrx_word' id='word_1_179' title='bbox 766 3211 870 3264; x_wconf 89' lang='lat' dir='ltr'>reetor</span> <span class='ocrx_word' id='word_1_180' title='bbox 886 3199 1029 3282; x_wconf 87' lang='lat' dir='ltr'>Olympi,</span> 
     </span>
    </p>

    <p class='ocr_par' dir='ltr' id='par_1_20' title="bbox 140 3302 1190 3703">
     <span class='ocr_line' id='line_1_27' title="bbox 143 3302 1190 3386; baseline 0.002 -18"><span class='ocrx_word' id='word_1_181' title='bbox 143 3303 218 3374; x_wconf 77' lang='lat' dir='ltr'>Qui</span> <span class='ocrx_word' id='word_1_182' title='bbox 235 3302 303 3367; x_wconf 85' lang='lat' dir='ltr'>fera</span> <span class='ocrx_word' id='word_1_183' title='bbox 318 3307 451 3370; x_wconf 84' lang='lat' dir='ltr'>terribili</span> <span class='ocrx_word' id='word_1_184' title='bbox 463 3305 625 3386; x_wconf 86' lang='lat' dir='ltr'>jaculatur</span> <span class='ocrx_word' id='word_1_185' title='bbox 640 3305 780 3370; x_wconf 87' lang='lat' dir='ltr'>fulmina</span> <span class='ocrx_word' id='word_1_186' title='bbox 793 3305 917 3385; x_wconf 68' lang='lat' dir='ltr'>dextri,</span> <span class='ocrx_word' id='word_1_187' title='bbox 1146 3305 1190 3370; x_wconf 75' lang='lat' dir='ltr'>ab</span> 
     </span>
     <span class='ocr_line' id='line_1_28' title="bbox 140 3407 1076 3494; baseline -0.005 -18"><span class='ocrx_word' id='word_1_188' title='bbox 140 3409 219 3476; x_wconf 81' lang='lat' dir='ltr'>Non</span> <span class='ocrx_word' id='word_1_189' title='bbox 233 3422 310 3494; x_wconf 82' lang='lat' dir='ltr'>agat</span> <span class='ocrx_word' id='word_1_190' title='bbox 326 3411 386 3476; x_wconf 89' lang='lat' dir='ltr'>hos</span> <span class='ocrx_word' id='word_1_191' title='bbox 401 3432 533 3476; x_wconf 83' lang='lat' dir='ltr'>currus:</span> <span class='ocrx_word' id='word_1_192' title='bbox 557 3424 589 3475; x_wconf 87' lang='lat' dir='ltr'>et</span> <span class='ocrx_word' id='word_1_193' title='bbox 606 3412 684 3494; x_wconf 88' lang='lat' dir='ltr'>quid</span> <span class='ocrx_word' id='word_1_194' title='bbox 698 3413 781 3476; x_wconf 90' lang='lat' dir='ltr'>Jove</span> <span class='ocrx_word' id='word_1_195' title='bbox 798 3410 902 3492; x_wconf 86' lang='lat' dir='ltr'>majus</span> <span class='ocrx_word' id='word_1_196' title='bbox 917 3407 1076 3474; x_wconf 84' lang='lat' dir='ltr'>habetur?</span> 
     </span>
     <span class='ocr_line' id='line_1_29' title="bbox 140 3513 994 3604; baseline 0 -26"><span class='ocrx_word' id='word_1_197' title='bbox 140 3513 256 3578; x_wconf 81' lang='lat' dir='ltr'>Ardua</span> <span class='ocrx_word' id='word_1_198' title='bbox 272 3515 374 3598; x_wconf 84' lang='lat' dir='ltr'>prima</span> <span class='ocrx_word' id='word_1_199' title='bbox 390 3518 516 3594; x_wconf 79' lang='lat' dir='ltr'>visast,</span> <span class='ocrx_word' id='word_1_200' title='bbox 533 3529 566 3580; x_wconf 89' lang='lat' dir='ltr'>et</span> <span class='ocrx_word' id='word_1_201' title='bbox 581 3517 646 3599; x_wconf 70' lang='lat' dir='ltr'>qul</span> <span class='ocrx_word' id='word_1_202' title='bbox 663 3519 720 3582; x_wconf 83' lang='lat' dir='ltr'>vix</span> <span class='ocrx_word' id='word_1_203' title='bbox 735 3517 830 3582; x_wconf 72' lang='lat' dir='ltr'>mane</span> <span class='ocrx_word' id='word_1_204' title='bbox 847 3527 994 3604; x_wconf 23' lang='lat' dir='ltr'>recen-tes</span> 
     </span>
     <span class='ocr_line' id='line_1_30' title="bbox 141 3619 908 3703; baseline 0 -19"><span class='ocrx_word' id='word_1_205' title='bbox 141 3619 322 3686; x_wconf 85' lang='lat' dir='ltr'>Enitantur</span> <span class='ocrx_word' id='word_1_206' title='bbox 337 3624 430 3703; x_wconf 88' lang='lat' dir='ltr'>equi;</span> <span class='ocrx_word' id='word_1_207' title='bbox 455 3622 563 3688; x_wconf 85' lang='lat' dir='ltr'>medio</span> <span class='ocrx_word' id='word_1_208' title='bbox 579 3635 627 3686; x_wconf 87' lang='lat' dir='ltr'>est</span> <span class='ocrx_word' id='word_1_209' title='bbox 643 3623 801 3688; x_wconf 85' lang='lat' dir='ltr'>altissima</span> <span class='ocrx_word' id='word_1_210' title='bbox 815 3621 908 3700; x_wconf 83' lang='lat' dir='ltr'>eoelo,</span> 
     </span>
    </p>
   </div>
   <div class='ocr_carea' id='block_1_6' title="bbox 141 3725 1000 3896">
    <p class='ocr_par' dir='ltr' id='par_1_21' title="bbox 141 3725 1000 3896">
     <span class='ocr_line' id='line_1_31' title="bbox 141 3725 1000 3812; baseline -0.003 -21"><span class='ocrx_word' id='word_1_211' title='bbox 141 3725 241 3792; x_wconf 84' lang='lat' dir='ltr'>Unde</span> <span class='ocrx_word' id='word_1_212' title='bbox 257 3747 344 3792; x_wconf 90' lang='lat' dir='ltr'>rnare</span> <span class='ocrx_word' id='word_1_213' title='bbox 362 3738 509 3792; x_wconf 84' lang='lat' dir='ltr'>atterras</span> <span class='ocrx_word' id='word_1_214' title='bbox 524 3729 585 3812; x_wconf 86' lang='lat' dir='ltr'>ipsi</span> <span class='ocrx_word' id='word_1_215' title='bbox 600 3729 683 3794; x_wconf 87' lang='lat' dir='ltr'>mihi</span> <span class='ocrx_word' id='word_1_216' title='bbox 698 3747 782 3812; x_wconf 83' lang='lat' dir='ltr'>saepa</span> <span class='ocrx_word' id='word_1_217' title='bbox 798 3727 908 3791; x_wconf 89' lang='lat' dir='ltr'>videre</span> <span class='ocrx_word' id='word_1_218' title='bbox 998 3785 1000 3788; x_wconf 84' lang='lat'>.</span> 
     </span>
     <span class='ocr_line' id='line_1_32' title="bbox 459 3833 513 3896; baseline 0 -22"><span class='ocrx_word' id='word_1_219' title='bbox 459 3833 513 3896; x_wconf 63' lang='lat'>3*</span> 
     </span>
    </p>
   </div>
   <div class='ocr_carea' id='block_1_7' title="bbox 0 0 1328 4176">
    <p class='ocr_par' dir='ltr' id='par_1_22' title="bbox 0 0 1328 4176">
     <span class='ocr_line' id='line_1_33' title="bbox 0 0 1328 4176; baseline 0 7"><span class='ocrx_word' id='word_1_220' title='bbox 0 0 1328 4176; x_wconf 95' lang='lat' dir='ltr'> </span> 
     </span>
    </p>
   </div>
  </div>
 </body>
</html>
