2636 4178
11 233 12 240 ἵ
115 255 157 318 96
400 275 519 328 ovm’s
540 275 860 327 rmrnuouenosss.

114 431 240 494 Fistula
255 429 433 512 disparibus
449 431 603 514 paulatim
619 431 719 513 surgit
734 432 855 495 avenis.
1104 429 1147 495 10
1259 421 1262 428 ’

115 536 204 599 Turn
220 536 286 598 lino
302 538 424 600 medias
439 548 472 599 et
487 537 567 600 ceris
582 536 692 618 alligat
709 538 797 615 imas,

114 643 220 720 Atque
236 641 282 703 ita
296 641 490 724 compositas
505 661 601 723 parvo
618 641 803 704 curvamine
819 640 929 720 flectit,

116 745 159 809 Ut
175 765 265 808 veras
280 746 422 808 imitetur
437 766 521 808 aves.
570 746 653 808 Puer
668 746 776 808 Icarus
791 746 856 808 und

116 850 239 929 Stabat,
256 859 298 928 ct,
316 851 445 932 ignarus
460 870 519 913 sua
534 870 567 912 se
585 861 715 913 tractare
731 850 857 932 pericla,

116 955 178 1018 Ore
193 955 351 1018 renidenti
367 956 473 1034 modd,
490 974 568 1035 quas
583 975 665 1036 vaga
681 965 824 1018 moverat
840 975 924 1035 aura,
1108 955 1149 1019 15

115 1061 272 1142 Captabat
288 1060 423 1142 plumas,
439 1061 557 1123 flavam
572 1060 670 1124 modd
686 1061 799 1142 pollice
815 1080 921 1123 ceram

116 1165 272 1244 Mollibat,
288 1165 423 1246 lusuque
440 1185 498 1228 suo
515 1165 657 1226 mirabile
674 1164 769 1246 patris

115 1271 313 1352 Impediebat
330 1290 418 1353 opus.
465 1269 637 1349 Postquam
653 1289 768 1332 manus
784 1269 897 1332 ultima
908 1269 1024 1356 coeptis

115 1376 270 1456 Imposita
284 1386 342 1454 est,
359 1376 503 1456 geminas
518 1373 626 1456 opifex
642 1374 769 1436 libravit
786 1374 818 1435 in
834 1373 901 1436 alas

115 1481 187 1562 Ipse
204 1499 298 1542 suum
314 1500 438 1561 corpus,
455 1480 605 1560 motique
622 1478 774 1562 pependit
790 1480 822 1541 in
839 1478 923 1541 auri.
1098 1478 1149 1542 ’20

161 1585 292 1648 Instruit
309 1595 341 1648 et
358 1595 479 1665 natum,
498 1585 686 1664 ‘medioque
702 1596 738 1647 ut
755 1584 855 1647 limite
871 1603 988 1662 curras,

115 1691 224 1769 lcare,’
241 1691 296 1769 ait,
315 1697 460 1770 imenso,
477 1711 529 1768 ne,
545 1691 573 1753 si
586 1690 752 1752 demissior
767 1690 837 1767 ibis,
855 1767 861 1776 ¹
934 1754 942 1770 ,

115 1795 211 1858 Unda
226 1806 336 1876 gravet
353 1814 484 1877 pennas,
502 1794 528 1857 si
544 1794 667 1872 celsior,
684 1794 770 1875 ignis
785 1795 906 1858 adurat.

115 1900 203 1962 lnter
217 1910 388 1979 utrumque
405 1898 488 1962 vola.
536 1897 604 1960 Nec
620 1908 652 1961 te
668 1909 809 1980 spectare
827 1898 951 1961 Booten

115 2007 180 2066 Aut
198 2003 335 2066 Helicen
350 2002 450 2082 jubeo
466 2003 652 2066 strictumve
669 2003 796 2066 Orionis
811 2022 940 2082 eusem;
1101 2001 1146 2064 25

115 2109 168 2171 Me
184 2108 276 2186 duce,
292 2128 384 2190 carpe
400 2109 509 2170 viam!
556 2107 674 2170 Pariter
690 2118 848 2191 praecepta
863 2107 993 2171 volandi

116 2213 241 2290 Tradit,
258 2224 290 2275 et
306 2212 433 2294 ignotas
449 2212 590 2275 humeris
605 2213 825 2276 accommodat
841 2212 916 2276 alas.

114 2319 202 2380 Inter
218 2338 298 2400 opus
313 2318 518 2398 monitusque
531 2337 624 2400 genae
639 2317 791 2381 maduere
807 2318 932 2394 seniles,

115 2424 158 2485 Et
175 2423 282 2505 patriae
298 2423 455 2486 tremuere
473 2441 596 2488 manus.
644 2423 742 2486 Dedit
758 2423 867 2486 oscula
882 2433 958 2486 nato

113 2528 186 2591 Non
204 2529 318 2590 iterum
334 2528 507 2609 repetenda
522 2548 590 2609 suo,
607 2528 783 2612 pennisque
800 2528 924 2592 levatus
1103 2525 1146 2588 30

114 2634 199 2696 Ante
214 2633 310 2712 volat,
327 2634 501 2713 comitique
517 2633 628 2714 timet;
652 2633 741 2696 velut
756 2633 832 2711 ales,
849 2632 889 2695 ab
905 2632 970 2694 alto

112 2738 199 2805 Quae
216 2749 359 2800 teneram
375 2739 496 2820 prolem
513 2737 662 2819 produxit
678 2737 712 2798 in
727 2739 800 2800 aira
815 2737 914 2816 nid03

113 2843 329 2922 Hortaturque
347 2841 447 2921 sequi,
464 2840 695 2920 damnosasque
712 2841 815 2904 erudit
832 2853 924 2921 artes,

114 2947 158 3008 Et
174 2957 283 3009 movet
299 2946 367 3026 ipse
382 2963 466 3022 suas,
484 2954 516 3005 et
532 2945 600 3006 neti
615 2946 743 3027 respicit
759 2946 845 3009 alas„

157 3052 228 3112 Hos
243 3049 367 3130 aliquis,
384 3047 522 3112 tremuli
536 3049 615 3112 dum
630 3059 736 3132 captat
752 3046 908 3113 arundine
926 3051 1037 3132 pisces,
1103 3047 1148 3110 35

112 3157 178 3218 Aut
194 3165 299 3237 pastor
314 3141 567 3218 baculo'stivbve
584 3155 715 3218 innixus
730 3167 833 3218 arator

115 3258 212 3339 Vidit,
228 3270 260 3322 et
276 3260 452 3342 obstupuit,
468 3261 587 3340 quique
603 3261 723 3323 aethera
737 3280 864 3344 carpere
881 3269 1021 3342 possent,

112 3345 255 3429 Credidit
272 3384 340 3427 esse
357 3364 444 3428 dcos.
493 3363 533 3428 Et
545 3362 614 3443 jam
628 3364 770 3428 Junonia
784 3365 868 3428 laevt

112 3471 203 3533 Parte
222 3469 338 3532 Samos
351 3467 477 3532 fuerant
493 3469 655 3552 Delosque
672 3469 830 3550 Parosque
847 3470 976 3548 reliotae,

112 3576 234 3638 Dextra
250 3574 441 3656 Lebynthos
457 3586 533 3653 erat,
547 3574 748 3656 secundaque
765 3575 861 3639 melle
877 3575 1048 3656 Calymne,
1104 3570 1150 3636 40

113 3681 197 3743 Cirrn
213 3697 291 3762 puer
306 3677 419 3740 addaci
435 3679 532 3761 coepit
548 3680 688 3762 gaudere
703 3680 824 3759 volatu,
