2646 4176
629 337 730 389 Boou
750 340 772 390 1.
1189 323 1230 386 17

62 547 70 562 ,
182 493 355 576 'indejectn
370 493 467 572 melo,
484 493 615 556 culrueu
631 503 742 556 temen
757 495 850 560 altior
865 495 963 576 hujus

193 601 285 667 Unda
298 601 391 684 tegit,
408 617 588 683 pressaeque
606 599 707 663 latent
723 601 783 664 sub
800 603 925 682 gurgite
942 613 1054 666 turres.
1160 605 1227 668 29⁰

231 709 368 787 Jamque
384 723 472 768 mere
488 715 522 767 et
538 703 634 767 tellus
649 705 776 768 nullum
792 705 965 770 discrimen
979 707 1160 772 hebebant:

190 812 308 875 Omnia
322 791 440 893 pontus
456 820 566 890 erant3
589 808 721 872 deerant
737 810 864 891 quoque
880 811 989 874 littora
1002 823 1110 894 ponto.

145 977 148 992 ,
187 918 333 998 Occupat
349 915 402 978 hic
417 914 536 977 collem
549 937 557 996 ς
580 915 701 996 cymbi
714 915 804 978 sedet
820 915 900 979 alter
914 917 1050 998 aduncis,

187 1023 233 1085 Et
248 1021 339 1084 ducit
354 1039 458 1083 remos
475 1019 550 1098 illic,
568 1020 625 1083 ubi
640 1039 741 1102 nuper
755 1022 865 1084 erirat.

185 1127 247 1190 Ille
264 1145 359 1208 super
373 1121 502 1206 segetes
512 1135 568 1187 aut
582 1143 695 1187 mersae
711 1125 855 1188 culmine
869 1125 957 1190 villae

184 1231 345 1312 Navigat3
370 1230 424 1292 hic
439 1230 567 1292 summe
581 1230 702 1312 piscem
717 1229 883 1313 deprendit
900 1232 935 1295 in
951 1231 1049 1296 ulmo.

185 1337 317 1418 Figitur
333 1333 487 1413 iu-viridi,
504 1335 532 1396 si
547 1333 611 1396 fors
628 1333 712 1413 tulit,
729 1353 847 1398 ancora
861 1347 960 1418 prato,

192 1445 255 1504 Aut
270 1437 415 1518 subjecta
431 1448 542 1520 tegunt
558 1457 665 1502 currae
682 1439 794 1503 vineta
808 1440 934 1504 carine.

197 1545 250 1621 Et,
264 1544 355 1606 modo
372 1544 436 1624 qui
451 1543 583 1626 graciles
599 1541 732 1624 gramen
748 1546 890 1625 carpsere
907 1545 1048 1627 capellae,

196 1647 228 1710 N
230 1668 288 1710 unc
303 1649 342 1710 ibi
357 1647 518 1710 deformes
534 1657 658 1730 ponunt
674 1667 733 1708 sue
747 1667 879 1728 corpora
894 1649 1015 1730 phocae.

103 1814 114 1820 -
190 1754 344 1817 Mirantur
357 1754 420 1816 sub
436 1753 520 1834 aqud
534 1753 625 1815 lucos
641 1753 800 1833 urbesque
816 1751 992 1834 domosque

185 1858 349 1938 Nereides,
365 1858 524 1939 silvasque
541 1867 651 1921 teuent
667 1857 843 1940 delphiuerr,
862 1867 893 1922 et
909 1859 981 1922 altis

184 1965 356 2027 Incursaut
371 1963 476 2042 ramis,
489 1965 670 2044 agitataque
686 1964 799 2026 robora
813 1963 950 2046 pulsant.

182 2053 249 2133 Nat
266 2069 362 2150 lupus
377 2049 460 2130 inter
475 2087 562 2145 ores
579 2067 687 2130 fulvos
703 2069 793 2130 vehit
809 2069 1032 2150 unda-leones,

185 2174 284 2238 Unda
299 2173 389 2236 vehit
404 2175 512 2254 tigres,
529 2193 588 2235 nec
604 2175 688 2237 vires
703 2172 849 2236 fulminis
865 2195 951 2258 apro,

64 2339 73 2348 .
184 2283 286 2344 Crura
302 2298 362 2341 uec
378 2275 483 2341 ablato
500 2288 630 2360 prosunt
646 2279 772 2340 velocia
786 2299 891 2342 cervo.

184 2385 407 2464 Quaesitisque
424 2384 480 2446 diu
495 2383 595 2462 terris,
612 2385 669 2446 ubi
684 2385 793 2446 sistere
810 2383 920 2468 possit,

185 2492 225 2554 ln
241 2509 329 2552 mare
345 2489 468 2552 lassatis
483 2487 624 2551 volucris
639 2507 722 2568 vaga
737 2489 857 2551 decidit
874 2489 942 2550 alis.
995 2536 1001 2548 .

186 2595 345 2657 Obruerat
361 2595 502 2656 tumulos
519 2595 678 2656 immense
692 2592 823 2653 licentia
838 2593 939 2672 ponti,

185 2699 425 2779 Pulsebantque
442 2699 520 2761 novi
535 2707 690 2760 montana
703 2695 874 2758 cacumine
888 2695 1015 2758 fluctus.

186 2805 332 2867 Maxima
347 2823 417 2885 pars
428 2795 522 2866 'undd
538 2802 675 2884 rapitur3
700 2801 818 2883 quibus
832 2801 920 2864 unda
940 2801 1091 2886 pepercit,

186 2909 266 2972 Illos
282 2907 380 2990 longa
394 2907 632 2990 domeut'iuopi
645 2906 769 2987 jejunia
784 2908 882 2970 victu.

233 3013 366 3095 Separat
382 3013 505 3076 Aonios
522 2998 770 3075 OEtaeis'Phocis
785 3014 825 3075 ab
841 3014 934 3092 arviS,
978 3055 983 3064 ι

186 3116 405 3197 Terra‘scrax,
421 3117 500 3180 dum
516 3113 683 3197 terra'suit,
700 3117 756 3180 scd
772 3129 915 3200 tempore
932 3119 965 3179 in
982 3116 1037 3178 illo

185 3223 264 3286 Pars
280 3222 376 3286 meris
391 3233 424 3286 et
440 3223 524 3288 latus
540 3223 716 3286 subitarum
733 3242 867 3304 campus
882 3241 1045 3302 aquarum.

185 3328 283 3391 Mons
299 3327 534 3391 ibiverticibus
550 3328 630 3410 petit
645 3327 762 3391 arduus
777 3338 862 3390 astra
876 3325 1012 3405 duobus,

182 3432 325 3496 Nomine
341 3433 509 3511 Parnasus,
526 3444 716 3515 superetque
733 3433 901 3497 cacumine
918 3431 1032 3494 nubes.
1087 3405 1109 3440 ‘⁹

184 3536 250 3602 Hic
267 3538 325 3600 ubi
340 3536 520 3600 Deucalion
537 3537 628 3620 (nem
643 3549 750 3601 cetera
764 3547 886 3602 texerat
902 3539 1027 3622 sequor)

182 3644 272 3707 Cum
288 3653 437 3706 consorte
454 3642 516 3706 tori
533 3642 632 3725 parvi
645 3653 711 3706 rate
728 3653 841 3708 vectus
857 3641 1004 3720 edhaesit,

496 3749 519 3811 2
531 3748 550 3788 ’l'
