2636 4178
555 299 653 350 BOOK
679 299 757 351 XIII.
793 313 797 320 '
895 369 904 381 Ι

134 457 262 522 Ultima
276 453 465 518 conscendit
480 454 615 518 classem
633 453 828 538 (miserabile
846 457 933 544 visu)
952 505 958 514 .

135 563 176 625 In
191 560 307 624 mediis
324 559 464 622 Hecuba
478 570 626 622 natorum
642 559 776 622 inventa
789 562 953 644 sepulcris.

140 665 349 728 Prensantem
365 664 508 728 tumulos
522 676 617 745 atque
634 665 759 728 ossibus
774 666 884 744 oscula
898 667 1029 732 dantem

144 769 302 832 Dulichia
318 769 442 833 traxere
455 787 590 850 manus3
614 780 723 832 tamen
738 771 836 834 unius
852 771 968 850 hausit,

143 876 243 954 Inque
259 875 330 937 sinu
345 873 469 938 cineres
485 895 596 938 secum
613 875 686 938 tulit
702 875 853 939 Hectoris
869 877 1010 939 haustos.
1112 876 1179 941 425

140 979 289 1043 Hectoris
304 980 338 1041 in
354 978 479 1042 tumulo
494 999 610 1042 canum
627 981 667 1043 de
684 981 802 1044 vertice
817 980 949 1060 crinem,
1013 1013 1018 1023 ·

109 1085 111 1090 '
138 1082 275 1147 Inferias
290 1083 411 1166 inopes,
427 1085 550 1146 crinem
565 1083 785 1166 lacrymasque
801 1085 938 1167 reliquit.

183 1189 253 1268 Est,
272 1188 327 1251 ubi
344 1185 446 1268 Troja
460 1187 531 1268 fuit,
548 1189 699 1272 Phrygiae
714 1191 872 1254 contraria
886 1191 992 1272 tellus,

136 1293 293 1357 Bistoniis
309 1293 452 1356 habitata
466 1293 553 1357 viris.
600 1295 830 1376 Polymestoris
845 1295 909 1359 illic
948 1317 951 1324 ’

138 1399 245 1480 Regia
259 1398 349 1461 dives
364 1409 440 1477 crat,
457 1399 510 1462 oui
526 1410 558 1462 te
574 1401 736 1463 commisit
752 1400 905 1463 alendum
1109 1401 1175 1464 430

134 1503 244 1581 Olim,
261 1503 426 1584 Polydorc,
445 1514 541 1586 pater,
558 1503 771 1587 Phrygiisque
787 1505 925 1567 removit
940 1505 981 1567 ab
996 1505 1102 1568 armis.

140 1607 319 1671 Consilium
335 1610 471 1692 sapiens,
487 1609 616 1672 sceleris
632 1609 694 1671 nisi
710 1610 840 1692 praemia
855 1629 989 1691 magnas

137 1712 318 1793 Adjecissct
333 1733 420 1796 opes,
436 1714 537 1777 animi
554 1714 716 1777 irritamen
732 1713 829 1776 avari.

138 1819 182 1883 Ut
198 1818 315 1882 cecidit
332 1819 477 1882 Fortuna
492 1819 671 1902 Phrygum,
687 1820 773 1901 capit
789 1818 908 1901 impius
923 1839 1033 1884 ensem

137 1925 211 1988 Rex
229 1924 406 2002 Threcum,
419 1922 598 2007 juguloque
615 1925 665 1988 sui
680 1924 795 2006 defigit
810 1921 944 2003 alumni,
1110 1923 1176 1988 436

139 2029 193 2108 Et,
211 2040 365 2111 tanquam
382 2030 453 2092 tolli
468 2049 544 2093 cum
559 2049 689 2112 corpore
705 2031 840 2094 crimina
856 2041 997 2113 possent,

143 2133 333 2200 Exanimem
349 2155 367 2198 e
383 2135 514 2218 scopulo
530 2133 691 2215 subjectas
706 2137 793 2200 misit
810 2134 844 2199 in
861 2135 985 2226 undae

436 2387 612 2442 ssomrtcrt
633 2399 672 2442 or
697 2399 876 2442 rourxmm.

158 2580 167 2588 ’
181 2555 289 2618 Litore
306 2551 463 2618 Threicio
479 2553 614 2616 classem
630 2553 776 2634 religit-at
793 2554 930 2631 Atrides,

135 2657 226 2722 Dum
242 2679 326 2722 mare
343 2671 501 2742 pecatum,
516 2657 596 2720 dum
612 2668 730 2720 ventus
745 2657 878 2721 amicior
892 2668 986 2722 esset.

136 2764 205 2828 Hic
222 2763 338 2843 subito,
354 2775 503 2845 quantus,
520 2763 594 2826 crim
610 2762 742 2841 viveret,
759 2782 828 2825 esse
844 2761 978 2843 solebat,
1109 2760 1174 2824 440

137 2869 217 2931 Exit
237 2869 336 2931 humo
352 2869 415 2932 late
431 2867 534 2950 rupte,
551 2867 727 2948 similisque
744 2867 881 2930 minanti

138 2973 310 3058 Temporis
326 2974 412 3036 illius
428 2973 555 3037 vultum
571 2972 726 3036 referebat
742 2972 896 3053 Achilles,

140 3077 215 3144 Quo
232 3077 317 3142 serus
333 3077 452 3158 injusto
468 3079 560 3161 petiit
576 3081 822 3160 Agamemnona
835 3078 926 3162 ferrp.

142 3183 426 3263 ‘Immemoresque
442 3185 507 3247 mei
522 3184 706 3263 disceditis,’
724 3185 839 3264 inquit,
857 3185 1005 3263 inaniri,

119 3276 321 3367 'Obrutaque
337 3299 386 3350 est
403 3307 531 3352 mecum
545 3290 673 3352 virtutis
690 3289 794 3370 gratia
807 3289 949 3352 nostrae?
1109 3285 1176 3349 445

134 3392 183 3456 Ne
199 3391 319 3473 facite,
344 3404 442 3472 utque
458 3413 567 3456 meum
583 3413 649 3457 non
665 3395 705 3457 sit
722 3396 791 3456 sine
807 3395 928 3456 honore
944 3391 1136 3475 sepulcrum,

133 3498 245 3560 Placet
261 3497 425 3561 Achilleos
439 3511 579 3562 mactata
594 3499 761 3580 Polyxena
777 3500 909 3567 manes!

179 3603 282 3682 Dixit,
299 3613 342 3682 et,
359 3604 478 3667 immiti
494 3605 589 3667 sociis
604 3605 788 3686 parentibus
804 3604 936 3682 umbrae,

133 3709 242 3792 Rapta
256 3709 330 3772 sinu
345 3709 465 3788 matris,
482 3729 579 3790 quam
590 3708 660 3789 jam
676 3709 771 3793 prope
788 3708 856 3772 sola
870 3707 1011 3789 fovebat,
