2646 4176
116 221 159 286 66
403 241 522 293 ovnrs
545 243 867 294 usruuomnosns.

115 395 159 457 Et
176 408 239 460 tres
254 396 386 461 latratus
401 397 500 462 simul
515 397 627 462 edidit.
674 398 735 462 Illa
749 418 871 462 sorores

113 501 216 565 Nocte
232 514 327 566 vocat
343 505 477 586 genitas,
494 523 591 585 grave
607 514 640 566 et
655 504 859 586 implacabile
875 525 1007 572 numen.
1107 543 1119 554 -

115 606 274 689 (Carceris
288 619 363 672 ante
377 607 463 672 dores
478 609 604 672 clausas
619 608 789 672 adamante
805 610 971 692 sedebant,

114 712 228 793 Deque
245 713 312 776 suis
327 726 411 777 atros
427 715 596 798 pectebant
612 713 754 776 crinibus
769 720 919 802 angues.)

115 817 227 885 Quam
243 818 337 881 simul
354 820 514 902 agndrunt
529 818 612 882 inter
626 818 775 901 caliginis
790 819 928 901 umbras,
1088 825 1151 892 135
1211 799 1249 828 “’

116 923 289 986 Surrexdre
305 922 384 986 deae.
410 1003 413 1010 Ι
433 923 534 988 Sedes
549 923 704 987 scelerata
720 935 860 988 vocatur.

115 1029 244 1091 Viscera
259 1029 418 1110 praebebat
436 1028 554 1111 Tityos
569 1028 730 1106 lanianda,
747 1048 929 1110 novemque

113 1133 287 1214 Jugcribus
302 1133 461 1198 distentus
476 1144 551 1196 erat.
600 1134 689 1212 Tibi,
708 1133 858 1214 Tantalc,
876 1135 975 1200 nullae

114 1237 363 1320 Deprenduntur
378 1257 479 1318 aquae,
496 1258 632 1320 quaeque
645 1239 803 1318 imminet,
819 1239 935 1322 effugit
950 1243 1051 1306 arbor.

113 1345 179 1406 Aut
197 1343 286 1426 petis,
303 1354 358 1406 aut
375 1364 468 1426 urges
484 1345 651 1422 ruiturum,
670 1343 821 1427 Sisyphe,
839 1365 962 1408 saxum.
1088 1348 1149 1412 140

114 1447 261 1511 Volvitur
277 1449 382 1528 Ixion,
398 1460 430 1513 et
446 1469 481 1512 se
496 1450 701 1530 sequiturque
717 1448 874 1532 fugitque.

114 1553 283 1634 Molirique
300 1555 367 1617 suis
381 1553 485 1618 letum
500 1555 695 1636 patruelibus
710 1574 798 1618 ausae

113 1659 261 1722 Assiduae
277 1670 435 1742 repetunt,
453 1679 532 1740 quas
547 1658 689 1741 perdant,
709 1659 836 1722 Belides
850 1661 963 1724 undas.

115 1763 211 1831 Quos
227 1783 340 1826 omnes
355 1765 423 1826 acie
440 1777 610 1846 postquam
628 1765 778 1827 Saturnia
794 1765 885 1828 torvi

115 1868 203 1930 Vidit
218 1881 251 1931 et
268 1881 342 1931 ante
359 1889 471 1931 omnes
487 1870 611 1947 lxiona,
629 1887 736 1930 rursus
750 1868 791 1929 ab
807 1867 863 1929 illo
1088 1867 1149 1932 145

116 1973 282 2054 Sisyphon
297 1973 486 2054 adspiciam,
505 1973 589 2036 ‘Cur
604 1973 657 2035 hic
673 1992 691 2034 e
706 1971 878 2050 fratribus,'
895 1971 1009 2052 inquit,

116 2077 310 2160 ‘Perpetuus
326 2079 444 2160 patitur
460 2097 570 2159 poenas
583 2098 591 2158 3
615 2078 812 2141 Athamanta
826 2078 998 2159 superbum

115 2181 221 2264 Regia
235 2181 326 2245 dives
342 2183 449 2260 habet,
466 2183 522 2263 qui
538 2202 590 2245 me
606 2201 682 2244 cum
698 2179 836 2264 conjuge
853 2201 978 2266 semper

116 2287 245 2369 Sprevit
258 2289 289 2350 i'
311 2299 345 2350 et
360 2288 493 2370 exponit
509 2307 622 2350 causas
637 2285 766 2368 odiique
783 2287 918 2369 viaequc,

116 2392 272 2475 Quidque
290 2393 376 2455 velit.
424 2393 524 2462 Quod
540 2392 647 2470 vellet,
665 2387 741 2472 erat,
758 2412 799 2456 ne
815 2393 904 2474 regia
918 2392 1033 2456 Cadmi
1090 2393 1152 2460 150

117 2497 233 2579 Staret,
251 2510 283 2562 ct
299 2499 333 2561 in
348 2496 474 2576 facinus
489 2498 651 2561 traherent
666 2497 863 2560 Athamanta
878 2516 1009 2562 sorores.

116 2605 302 2687 Imperium,
320 2605 485 2687 promissa,
501 2622 611 2686 preces
625 2601 798 2670 confundit
814 2603 848 2666 in
865 2621 977 2684 unum,

117 2709 340 2790 Sollicitatque
356 2710 441 2773 deas.
489 2709 545 2772 Sic
561 2708 632 2772 haec
647 2707 667 2770 J
670 2727 776 2770 unone
792 2707 909 2788 locuti,

117 2813 298 2897 Tisiphone
314 2835 422 2893 canos,
438 2825 475 2877 ut
491 2825 568 2893 erat,
586 2813 712 2876 turbata
725 2811 858 2894 capillos
951 2861 958 2870 .

116 2917 233 2998 Movit,
249 2930 281 2981 et
297 2919 461 2982 obstantes
476 2917 586 2998 rejecit
603 2917 643 2980 ab
660 2937 715 2980 ore
731 2914 887 2980 colubras.
1091 2917 1153 2982 155

118 3025 225 3104 Atque
242 3024 297 3100 ita,
315 3024 407 3088 ‘Non
422 3023 529 3106 longis
545 3043 627 3107 opus
642 3033 691 3086 est
706 3021 919 3104 ambagibus‚’
934 3021 1049 3103 iuquit.

118 3127 239 3191 ‘Facta
254 3140 341 3212 puta,
357 3147 560 3211 quaecunque
572 3126 689 3210 jubes:
714 3127 887 3192 inamabile
904 3147 1041 3212 regnum

115 3233 245 3312 Desere,
263 3245 356 3316 teque
371 3234 453 3298 refer
467 3235 542 3298 coeli
557 3235 698 3328 melioris
712 3232 754 3296 ad
769 3234 882 3296 auras!

160 3338 253 3403 Lama
267 3340 348 3403 redit
363 3341 468 3404 Juno:
493 3358 590 3419 quarn
605 3339 723 3404 ooelum
741 3339 858 3402 intrare
875 3349 1039 3422 parantem
1063 3383 1143 3434 ,tr-⁸.

117 3443 245 3512 Roratis
260 3444 407 3510 lustravit
424 3445 515 3525 aquis
532 3443 771 3508 Thaumantias
786 3443 855 3508 Iris.
898 3471 910 3490 -·
1093 3443 1155 3507 160

162 3549 229 3614 Nec
245 3570 343 3630 mora,
362 3548 543 3631 Tisiphone
559 3547 774 3614 madefactam
789 3548 946 3630 sanguiue
962 3546 1067 3614 sumit

116 3653 305 3737 Importuna
319 3653 434 3733 lacem,
451 3652 615 3734 fluidoque
631 3673 744 3718 cruore
760 3653 933 3716 rubentem
