2646 4176
95 243 146 307 to
391 265 508 318 omos
530 266 849 320 narnnoamosns.

104 420 176 482 Etsi
192 439 258 483 non
275 405 425 502 hominis,
441 441 538 503 quem
554 441 621 488 non
635 434 744 487 tamen
760 423 853 486 edere
869 422 968 506 possit

104 526 237 604 Cervus,
256 527 363 606 habet,
379 529 565 609 incestisque
581 529 681 614 replet
693 527 773 611 juga
788 540 866 591 nota
880 528 1027 609 querelis,

105 629 149 693 Et
166 632 302 712 genibus
316 632 433 714 pronis,
450 634 586 716 supplex
601 633 778 714 similisque
794 634 928 715 roganti,
1078 633 1141 698 150

105 735 300 802 Circumfert
313 739 437 836 tacitos,
452 749 605 818 tanquam
620 758 679 801 sua
693 739 834 818 brachia,
851 739 969 802 vultus.

105 843 148 930 At
163 842 299 906 comites
313 843 460 926 rapidum
476 843 579 906 solitis
594 843 773 907 hortatibus
787 841 920 925 agmen

105 946 214 1028 Ignari
229 948 394 1030 instigant,
411 947 575 1029 oculisque
591 951 747 1012 Actaeona
762 959 927 1029 querunt,

16 1065 17 1068 ’
106 1053 150 1116 Et
167 1051 256 1115 velut
271 1054 436 1118 absentem
452 1054 598 1116 certatim
613 1054 770 1117 Actaeona
783 1054 934 1132 clamant,

106 1157 173 1240 (Ad
189 1177 308 1220 nomen
323 1169 420 1242 caput
435 1158 489 1221 ille
505 1157 629 1246 refert,)
644 1169 677 1220 et
692 1159 803 1221 abesse
820 1171 1003 1238 queruntur,
1079 1160 1141 1221 155

105 1261 173 1324 Nec
189 1282 300 1345 capere
317 1263 433 1327 oblatae
449 1283 583 1345 segnem
598 1263 781 1346 spectacula
796 1262 921 1345 praedae.

106 1367 210 1430 Vellet
226 1369 338 1431 abesse
354 1367 496 1449 quidem,
511 1368 567 1432 sed
584 1369 694 1449 adest;
717 1367 878 1449 velletque
895 1367 1014 1446 videre,

105 1471 178 1536 Non
194 1474 292 1536 etiam
307 1474 424 1537 sentire
438 1493 558 1538 canum
574 1473 740 1538 forefacta
754 1493 893 1536 suorum.

107 1579 258 1660 Undique
274 1581 491 1660 circumstant,
507 1580 681 1661 mersisque
698 1580 732 1642 in
746 1599 875 1662 corpore
890 1577 998 1641 rostris

107 1684 291 1749 Dilacerant
306 1684 378 1748 salsi
393 1685 564 1748 dominum
579 1686 640 1750 sub
655 1685 797 1767 imagine
812 1685 909 1746 cervi.
1078 1681 1140 1744 160

252 1953 254 1960 ’
338 1961 469 2004 estuans
493 1961 647 2004 CHANGED
670 1959 712 2001 ΤΟ
735 1959 907 2002 notemus,

555 2098 584 2141 v.
610 2078 684 2141 577.

106 2203 253 2287 Adspicit
268 2203 355 2266 hunc
372 2200 474 2264 oculis
489 2200 663 2279 Pentheus,
679 2217 759 2280 quos
775 2198 821 2260 ira
835 2195 1017 2260 tremendos

106 2311 261 2388 Fecerat}
284 2317 326 2388 et,
342 2325 527 2389 quanquam
542 2324 645 2389 poeuae
660 2306 719 2368 vix
734 2313 877 2385 tempora
890 2301 1006 2381 differt,
1111 2345 1113 2352 -
1130 2333 1135 2340 ·

108 2414 158 2477 ‘O
174 2414 321 2497 periture,
337 2411 459 2494 tuique
474 2412 546 2476 eliis
560 2411 757 2476 documenta
770 2408 881 2472 dature

105 2520 232 2599 Morte,'
248 2520 303 2599 ait,
322 2519 399 2582 ‘ede
415 2529 511 2582 tuum
525 2537 646 2582 nomeu
661 2533 843 2595 nomenque
859 2510 1026 2596 parenttm

12 2689 40 2700 ,Ἀ
108 2627 152 2690 Et
168 2625 311 2710 patriam,
326 2625 486 2705 morisque
502 2623 582 2688 novi
596 2643 654 2686 cur
668 2640 758 2686 sacra
771 2619 975 2701 frequentes)
1078 2614 1142 2678 165

106 2732 165 2796 Ille
182 2743 271 2795 metu
288 2749 420 2808 vacuus,
437 2729 583 2816 ‘Nomen
603 2727 706 2806 mihi,'
722 2725 815 2803 dixit,
842 2725 1008 2802 ‘Acoetes;

106 2838 212 2902 Patria
228 2835 367 2899 Maeonia
382 2845 440 2912 est,
457 2832 576 2897 humili
590 2831 630 2894 de
646 2830 738 2912 plebe
755 2838 910 2912 parentes.

106 2942 180 3008 Non
196 2940 288 3019 mihi,
305 2959 378 3020 quae
393 2937 465 3002 duri
478 2937 632 3015 colerent,
649 2945 746 3017 pater,
764 2953 840 2996 arva
850 2930 994 3010 juvenci,

107 3047 324 3130 Lanigerosve
340 3062 461 3126 greges,
478 3060 545 3106 non
560 3040 628 3104 ulla
640 3050 784 3102 armenta
798 3037 934 3117 reliquit.

107 3153 231 3234 Pauper
245 3164 279 3213 et
294 3151 361 3233 ipsa
377 3147 449 3228 fuit,
465 3147 595 3227 linoque
612 3145 734 3208 solebat
748 3154 782 3206 et
797 3143 894 3206 hamo
1081 3138 1143 3204 170

108 3259 273 3340 Decipere,
288 3267 320 3318 et
335 3254 463 3318 calamo
477 3253 627 3315 salientes
641 3249 757 3313 ducere
774 3248 886 3330 pisces.

108 3367 168 3429 Ars
185 3363 231 3427 illi
247 3381 306 3424 sua
320 3377 436 3424 census
451 3368 526 3421 erat.
574 3354 658 3420 Cum
672 3354 807 3418 traderet
822 3365 932 3432 anem,
1045 3413 1052 3422 ,
1087 3407 1093 3420 ,

110 3477 128 3510 “
140 3471 270 3550 Accipe,
287 3485 366 3548 quas
382 3465 496 3542 habeo,
513 3461 612 3526 studii
628 3479 792 3524 successor
807 3470 839 3522 et
855 3459 979 3536 heres?

110 3575 211 3654 Dixit,
230 3581 248 3611 “
259 3592 352 3654 opes:
366 3573 384 3606 '’
402 3569 603 3648 moriensque
620 3567 703 3632 mihi
718 3564 800 3628 nihil
817 3563 870 3626 ille
886 3561 1025 3642 reliquit,

109 3680 227 3744 Praeter
241 3697 359 3759 aquas3
377 3695 477 3742 uuum
489 3676 553 3740 hoc
564 3692 694 3758 possum
706 3668 864 3754 appellare
878 3677 1053 3769 paternum.
1081 3666 1145 3730 17⁵
