2636 4178
419 291 424 299 ⁸
455 253 458 260 -
516 273 517 276 Ν
572 227 669 278 eoos
697 227 774 278 xm.
1134 203 1195 268 131

149 385 219 450 Nec
236 402 348 447 comes
364 381 417 446 hic
433 381 593 466 Phrygias
609 402 750 463 unquam
768 384 907 446 venisset
923 381 964 446 ad
980 401 1069 446 arces

152 491 309 554 Hortatur
324 487 502 551 scelerum!
549 487 621 550 Non
638 499 680 566 te,
698 487 844 551 Poeantia
860 489 973 570 proles,
1153 486 1196 549 ta

155 593 354 676 Expositum
369 593 512 656 Lemnos
528 604 636 656 nostro
652 612 727 656 oum
743 593 876 656 crimine
892 594 1042 656 haberet:

160 699 229 766 Qui
243 717 341 774 nunc,
358 708 394 760 ut
410 709 598 778 memorant,
615 697 816 761 silvestribus
831 697 960 761 abditus
975 697 1084 776 antris,

162 803 248 866 Saxa
262 823 373 866 moves
389 802 522 884 gemitu,
539 800 780 884 Ladrtiadaeque
797 803 942 885 precaris,

159 909 247 976 Quae
262 907 398 970 meruit:
423 927 505 988 quae,
522 907 549 970 si
565 907 598 971 dl
614 919 700 986 sunt,
717 928 783 972 non
798 928 882 972 vana
897 907 1041 990 precaris.

157 1014 202 1076 Et
217 1033 303 1076 nunc
320 1013 373 1077 ille
390 1013 502 1076 eadem
518 1013 612 1076 nobis
623 1011 748 1093 juratus
763 1013 797 1076 in
813 1033 909 1094 arma,

152 1119 251 1182 Heu!
277 1137 347 1200 pars
362 1111 573 1197 una'ducum‚
589 1137 653 1199 quo
669 1139 850 1182 successore
866 1120 992 1202 sagittae

152 1223 307 1286 Herculis
324 1232 465 1301 utuntur,
482 1221 601 1286 fractus
617 1224 789 1305 morboque
806 1223 965 1305 fameque,

153 1327 521 1408 Velaturque‘aliturque
536 1329 670 1408 avibus3
696 1329 905 1410 volucresque
921 1330 1061 1414 petendo

158 1433 277 1494 Debita
292 1431 443 1513 Trojanis
458 1446 586 1497 exercet
602 1435 725 1516 spicula
738 1434 822 1498 fatis.

161 1537 222 1600 Ille
238 1548 338 1600 tamen
356 1537 447 1618 vivit,
464 1539 620 1619 quianon
636 1539 803 1602 comitavit
820 1539 950 1602 Ulixen.

161 1641 273 1706 Mallet
288 1655 316 1705 et
333 1642 446 1706 infelix
463 1644 650 1706 Palamedes
666 1664 735 1708 esse
751 1644 902 1708 relictus:

159 1748 298 1827 Viveret,
314 1761 368 1811 aut
384 1749 470 1813 certe
488 1749 589 1812 letum
605 1749 675 1812 sine
691 1748 826 1812 crimine
843 1749 986 1814 haberet.

154 1855 268 1924 Quem
285 1855 367 1918 male
384 1855 526 1918 convicti
542 1855 676 1920 nimidm
692 1876 814 1920 memor
829 1857 888 1919 iste
904 1853 1018 1920 furoris

154 1959 292 2023 Prodere
308 1979 375 2022 rem
392 1961 536 2024 Danaam
554 1961 659 2040 finxit,
677 1961 854 2043 fictumque
871 1960 1016 2044 probavit

157 2067 298 2143 Crimen,
315 2076 347 2127 et
363 2065 512 2144 ostendit,
530 2066 616 2146 quod
629 2064 694 2146 jam
712 2066 910 2150 praefoderat‚
926 2087 1050 2131 aurum.

202 2172 290 2252 Ergo
306 2182 361 2232 aut
377 2170 491 2232 exsilio
507 2172 590 2234 vires
605 2173 759 2235 subduxit
775 2172 920 2250 Achivis

154 2276 221 2339 Aut
239 2296 326 2337 nece.
376 2275 430 2338 Sic
447 2287 578 2358 pugnat,
595 2277 641 2353 sio
656 2289 704 2360 est
722 2278 914 2340 metuendus
930 2275 1053 2344 Ulixes.

152 2381 227 2448 Qui
243 2381 318 2445 licet
333 2381 460 2462 eloquio
477 2381 579 2444 fidum
594 2382 719 2462 quoque
735 2382 869 2444 Nestora
884 2382 1003 2460 vineat,

157 2487 255 2548 Haud
272 2499 380 2550 tamen
396 2487 523 2564 efficiet,
540 2487 701 2549 desertum
717 2498 753 2548 ut
769 2486 904 2548 Nestora
918 2486 1040 2550 crimen

158 2591 237 2653 Esse
254 2612 322 2654 rear
336 2592 481 2671 nullum;
506 2591 561 2672 qui
576 2591 648 2653 oiim
666 2590 848 2672 imploraret
866 2590 985 2652 Ulixen

156 2696 295 2758 Vulnere
312 2697 417 2759 tardus
433 2680 508 2775 equi
525 2695 690 2775 fessusque
707 2694 862 2758 senilibus
877 2695 979 2774 annis,

156 2800 306 2864 Proditus
321 2822 340 2863 a
356 2802 444 2864 socio
459 2811 516 2862 est.
563 2802 636 2864 Non
653 2801 723 2863 haec
740 2801 821 2862 milri
837 2794 1069 2884 eriminafing‘i

158 2905 229 2967 Scit
246 2907 326 2968 bene
344 2907 502 2987 Tydides,
510 2907 572 2994 ‘qui
588 2906 719 2970 nomine
736 2925 819 2988 saepe
836 2918 987 2970 vocatum

158 3011 326 3092 Corripuit,
342 3011 528 3095 trepidoque
545 3009 654 3092 sugam
670 3003 874 3093 exprobravit
889 3011 1004 3075 amice.

159 3115 348 3198 Adspiciunt
364 3116 465 3179 oculis
481 3117 587 3199 superi
603 3116 749 3180 mortalia
761 3115 873 3196 justis:

159 3220 220 3299 En,
237 3233 311 3304 eget
327 3221 459 3302 auxilio,
476 3225 530 3303 qui
547 3243 613 3285 non
628 3221 722 3302 tulit,
746 3233 845 3302 utque
862 3221 999 3302 reliquit,

156 3325 212 3388 Sic
229 3326 424 3408 linquendus
438 3340 524 3391 erat:
549 3327 655 3410 legem
672 3328 734 3390 sibi
749 3327 873 3390 dixerat
890 3329 966 3408 ipse.

152 3432 345 3496 Conclamat
360 3433 482 3496 socios:
507 3433 631 3512 adsum,
649 3433 806 3513 videoque
823 3443 1017 3496 trementem

156 3538 398 3620 Pallentemque
414 3551 503 3602 metu
520 3553 552 3602 et
569 3539 782 3622 trepidantem
798 3551 898 3603 morte
915 3537 1034 3604 future.

153 3643 301 3728 Opposui
317 3644 437 3709 molem
452 3645 569 3729 clypei,
587 3645 717 3726 texique
730 3642 902 3726 jacentem,
