2646 4176
163 245 207 309 ⁷⁰
450 266 570 319 ovnrs
591 267 912 323 rrarrnoaenosas.

163 419 349 484 Emontitus
364 431 440 501 erat,
456 422 572 506 clypeo
587 423 713 505 quoque
729 423 864 488 flumina
879 434 1001 508 septem

162 528 306 607 Argento
324 528 447 609 partim,
465 528 578 610 partim
594 529 761 591 caelaverat
777 548 864 608 auro,

164 631 341 713 ‘Adspice,’
357 632 413 711 ait,
431 632 578 711 ‘Persem
595 647 711 696 nostrae
729 633 900 716 primordia
917 633 1043 715 gentis,

162 735 282 818 Magna
296 735 378 799 seres
394 738 505 800 tacitas
521 738 633 800 solatia
648 740 757 802 mortis
772 739 814 801 ad
829 739 967 817 umbras,

162 843 192 903 A
207 851 297 904 tanto
313 842 467 905 cecidisse
483 844 575 906 viro!
622 843 700 906 Pars
715 844 830 908 ultima
845 844 934 906 vocis
1138 840 1202 904 135

162 947 200 1008 ln
219 946 325 1009 medio
342 967 507 1030 suppressa
521 967 601 1017 sono
617 959 676 1027 est,
692 948 903 1030 adapertaque
919 947 1002 1010 velle

163 1043 227 1112 Ora
241 1047 330 1132 loqui
345 1052 464 1129 credas,
480 1073 540 1116 nec
556 1063 633 1116 sunt
648 1073 687 1115 ea
702 1055 811 1136 pervia
825 1055 940 1116 verbis.

162 1157 310 1238 Increpat
325 1156 395 1235 hos,
414 1154 584 1238 ‘Vitioque
599 1159 709 1237 animi,
728 1178 792 1221 non
807 1159 950 1236 viribus,'
967 1157 1081 1238 inquit,

164 1260 364 1342 ‘Gorgoneis
381 1263 533 1344 torpetiS,’
552 1263 664 1344 Eryx:
689 1263 857 1328 ‘incurrite
873 1282 1012 1340 mecum,

163 1364 207 1428 Et
223 1366 409 1447 prosternite
425 1367 518 1429 humi
530 1365 685 1447 juvenem
701 1368 826 1449 magica
841 1387 929 1430 arma
943 1369 1153 1430 moventem!

162 1468 351 1533 Incursurus
366 1482 452 1550 erat;
476 1473 579 1534 tenuit
595 1473 733 1554 vestigia
748 1473 853 1550 tellus,
1139 1467 1200 1533 141

162 1575 385 1656 Immotnsque
402 1574 484 1639 silex
498 1587 681 1658 armataque
697 1579 816 1642 mansit
832 1578 948 1660 imago.

207 1679 254 1742 Hi
271 1689 379 1743 tamen
395 1700 437 1744 ex
452 1682 567 1744 merito
583 1701 710 1764 poenam
726 1683 873 1761 subiere3
897 1681 953 1745 sed
970 1701 1053 1744 unus

162 1783 257 1848 Miles
272 1795 339 1848 erat
354 1785 472 1865 Persei,
489 1787 720 1869 proquodam
736 1797 868 1868 pugnat,
885 1786 1060 1861 Aconteus,
1129 1813 1150 1824 -·
1172 1819 1177 1824 ·

162 1889 314 1972 Gorgone
329 1889 502 1972 conspecta
521 1910 599 1953 saxo
615 1892 780 1954 concrevit
795 1891 916 1952 oborto.
979 1937 981 1941 .
1137 1884 1204 1950 145

163 1992 275 2061 Quem
290 2004 378 2058 ratus
393 1996 553 2077 Astyages
568 1995 746 2058 etiamnum
761 1994 880 2072 vivere,
896 1993 996 2075 longo

163 2099 251 2161 Ense
267 2096 362 2180 serit3
386 2101 494 2163 sonuit
510 2099 680 2163 tinnitibus
695 2099 782 2162 ensis
797 2099 908 2162 acutis.

163 2203 251 2267 Dum
267 2214 374 2287 stupet
391 2205 561 2286 Astyages,
578 2216 725 2268 naturam
741 2203 839 2266 traxit
854 2202 1000 2282 eandem,

163 2309 404 2390 Marmoreoque
420 2321 528 2373 manet
544 2309 654 2373 vultus
669 2307 813 2373 mirantis
829 2309 862 2371 in
878 2327 941 2371 ore.

162 2411 303 2476 Nomina
317 2414 415 2497 longa
430 2425 582 2478 moreest
597 2414 706 2479 medii
719 2415 760 2478 de
777 2415 869 2497 plebe
885 2412 1027 2475 virorum
1139 2409 1203 2474 150
1299 2485 1300 2490 γ

163 2517 288 2582 Dicere.
335 2519 391 2582 Bis
405 2531 538 2584 centurn
554 2521 716 2584 restabant
731 2539 861 2603 corpora
875 2537 1013 2601 pugnaa3

163 2624 316 2706 Gorgona
332 2623 383 2687 bis
397 2637 530 2689 contum
546 2627 711 2708 riguerunt
726 2645 858 2708 corpora
874 2623 951 2686 risa.

210 2727 348 2791 Paenitet
366 2726 477 2808 injusti
492 2749 580 2792 nunc
596 2729 735 2808 denique
752 2727 877 2790 Phinea
890 2726 978 2790 belli.

165 2831 231 2894 Sed
248 2832 326 2912 quid
341 2833 440 2914 agat?
491 2833 673 2894 Simulacra
687 2832 776 2894 videt
792 2831 918 2892 diversa
933 2829 1054 2911 figuris,

165 2937 385 3018 Agnoscitque
400 2955 487 3014 suos,
504 2947 536 2998 et
553 2937 684 2998 nomine
700 2953 860 3014 quemque
876 2945 1029 2999 vocatum
1140 2935 1203 2996 155
1298 2917 1299 2920 “

165 3041 274 3105 Poscit
289 3059 384 3122 opem
398 3060 406 3119 3
430 3039 628 3120 credensque
641 3059 762 3122 parum,
779 3039 839 3100 sibi
857 3039 1001 3120 proxima
1016 3040 1119 3122 tangit

165 3147 324 3229 Corpora:
347 3163 486 3208 marmor
500 3157 599 3207 erant.
646 3145 820 3222 Avertitur,
837 3155 932 3224 atque
950 3145 993 3206 ita
1009 3145 1146 3228 supplex

165 3249 400 3329 Confessasque
416 3265 531 3314 manns
547 3249 738 3330 obliquaque
754 3249 884 3312 brachia
898 3249 1034 3312 tendens

167 3355 318 3434 ‘Vincis’
334 3357 389 3433 ait,
407 3355 563 3418 ‘Perseur
586 3375 715 3419 remove
734 3365 789 3418 tua
807 3366 1104 3436 monstratumque
1178 3391 1186 3400 ·

166 3453 328 3526 Saxificos
342 3460 463 3539 vultus,
479 3481 693 3542 quaecumqne
709 3481 757 3540 ea,
774 3460 850 3522 tolle
867 3458 1036 3537 Medusae,¹
1139 3459 1204 3520 lau
1296 3511 1297 3520 ,

165 3565 274 3646 Tolle,
291 3585 409 3649 precor.
456 3567 529 3630 Non
545 3585 605 3628 nos
620 3565 734 3630 odium
748 3566 879 3646 regnive
895 3553 1014 3646 cupido
1061 3603 1067 3612 ·

165 3668 330 3752 Compulit
346 3667 387 3730 ed
404 3667 547 3750 bellurn,
573 3689 629 3752 pro
643 3667 782 3750 conjuge
798 3667 961 3730 movimus
975 3685 1072 3730 mma.
